2450 4478
403 379 477 440 LlB.
492 379 531 442 ΙΙ,
546 380 632 442 ΟΑΡ,
649 385 706 440 15..
971 382 1009 440 93

53 537 247 625 urget-ique
263 538 425 604 videatur:
449 553 485 606 ut
509 563 567 605 nos
593 553 624 605 et
648 561 741 627 saepe
766 538 867 602 alias¹⁴
882 550 914 604 et
937 540 1011 604 ado*

59 625 232 688 lescentes
257 637 367 689 contra
396 627 437 690 L.
465 627 572 691 Sullae
590 625 779 690 dominantis
799 647 875 710 opes
894 648 951 712 pro
975 627 1009 690 S.

63 709 196 809 Roscio
226 711 374 776 Amerino
403 713 554 777 fecimus:
588 735 681 799 quae,
717 723 753 776 ut
775 711 847 788 scis,
882 711 1010 777 exstat¹⁵

56 807 185 859 oratio.

112 881 206 944 XV.
228 886 281 945 52.
301 882 374 960 Sed,
386 883 535 970 expositis
547 883 788 948 adolescentium
799 882 917 960 officiis,
929 905 1010 968 quac

62 966 204 1030 valeant
225 967 263 1030 ad
309 967 419 1032 loriam
439 969 679 1056 adipiscendam,
696 968 843 1053 deinceps
863 968 901 1033 de
916 970 1010 1034 bene·

60 1052 203 1116 ficentia
224 1075 260 1116 ac
281 990 320 1117 de
342 1054 528 1120 liberalitate
552 1055 718 1120 dicendum
738 1064 796 1117 est.
845 1054 946 1140 Cujus
962 1068 1010 1120 est

64 1139 154 1202 ratio
171 1138 290 1224 duplex
306 1163 313 1202 ε
337 1163 409 1204 nam
423 1153 478 1205 aut
489 1164 583 1228 opera
594 1141 731 1226 benigne
745 1139 781 1202 fit
795 1138 859 1202 indi
885 1141 1009 1205 entibus

61 1237 124 1286 aut
148 1225 296 1308 pecunia.
342 1226 478 1291 Facilior
499 1242 546 1290 est
567 1226 644 1292 haee
667 1224 841 1311 posterior¹,
858 1163 1009 1313 iocupleti

65 1309 257 1393 praesertim
270 1334 278 1387 ;
301 1312 356 1374 sed
365 1312 420 1376 illa
431 1313 546 1376 lautior
556 1335 592 1376 ac
604 1311 804 1399 splendidior,
816 1321 848 1374 et
859 1312 925 1376 viro
934 1312 1008 1377 forti

64 1395 96 1457 el
183 1417 220 1457 ue
235 1395 369 1483 dignior.
416 1397 614 1483 Quamquam
634 1396 764 1461 enimin
779 1408 913 1482 utroque
927 1399 1009 1462 inest

66 1417 270 1565 grautilicandi
292 1482 428 1547 liberalis
450 1483 606 1561 voluntas,
625 1494 729 1546 tamen
751 1481 849 1546 altera
869 1506 909 1546 ex
923 1506 1005 1560 arca,

67 1567 173 1630 altera
193 1589 233 1629 ex
255 1567 371 1632 virtute
386 1569 587 1654 depromitur,
604 1568 803 1668 largitioque,
822 1590 901 1652 quae
917 1568 953 1633 fit
968 1591 1008 1633 ex

68 1673 102 1714 re
117 1651 276 1730 familiari,
293 1654 412 1718 fontem
423 1656 525 1740 ipsum
536 1654 741 1742 benignitatis
756 1651 911 1716 exhaurit.
959 1655 1008 1718 lta

68 1737 270 1824 benignitate
282 1739 461 1826 benignitas
471 1741 610 1816 tollitur3
627 1762 689 1825 qua
698 1761 762 1824 quo
771 1739 802 1801 in
815 1738 919 1822 plures
932 1761 1007 1802 usus

69 1824 123 1900 sis,
141 1845 181 1886 eo
195 1824 300 1888 minus
314 1826 348 1888 in
362 1825 478 1892 multos
495 1827 539 1890 uti
551 1827 660 1912 possis.
703 1829 757 1888 53.
776 1825 820 1890 At
832 1824 887 1908 qui
899 1847 1003 1909 opera,

69 1909 101 1971 id
117 1919 168 1972 est
183 1911 299 1974 virtute
319 1922 351 1974 et
373 1912 532 1988 industria,
550 1910 680 1977 benefici
696 1923 727 1974 et
741 1909 887 1974 liberales
902 1923 1005 1988 erunt,

71 1995 218 2078 primum,
230 2018 294 2081 quo
306 1996 448 2081 pluribus
460 1999 643 2083 profuerint,
655 2019 693 2060 eo
708 1996 813 2081 plures
823 1996 861 2060 ad
871 1996 1007 2097 benigne

70 2080 248 2144 faciendum
269 2083 427 2168 adjutores
449 2083 631 2148 habebunt:
655 2081 766 2145 deinde
782 2085 1006 2147 consuetudine

72 2164 296 2231 beneficentiae
320 2168 492 2254 paratiores
515 2181 606 2233 erunt
629 2179 661 2232 et
682 2180 842 2253 tamquam
857 2169 1008 2232 exercita-

72 2250 164 2314 tiores
179 2251 221 2315 ad
235 2253 316 2317 bene
331 2254 370 2317 de
385 2255 492 2318 multis
502 2253 751 2341 promerendum.
799 2253 963 2317 Praeclare
973 2255 1006 2316 in

72 2337 205 2422 epistola
215 2339 350 2423 quadam
360 2339 573 2403 Alexandrum
582 2340 682 2403 filium
689 2337 856 2424 Philippus
869 2353 1004 2415 accusat,

72 2423 153 2506 quod
178 2423 349 2508 largitione
371 2425 622 2490 benevolentiam
644 2423 856 2488 Macedonum
880 2445 1007 2488 consec-

74 2521 164 2571 tetur.
217 2509 309 2587 Quae
322 2520 362 2586 te,
375 2513 491 2576 malum
501 2514 516 2576 l
537 2511 651 2596 inquit,
664 2515 749 2574 ratio
764 2515 797 2572 in
813 2515 907 2574 istam
921 2533 1006 2593 spem

71 2597 205 2672 induxit,
223 2605 260 2658 ut
282 2617 334 2659 eos
348 2598 527 2681 tibifideles
536 2599 762 2680 putaressore,
780 2617 858 2678 quos
869 2601 1006 2678 pecunia

70 2684 291 2764 corrupisses?
316 2683 369 2745 Aa
381 2692 415 2746 tu
425 2685 548 2764 idagia,
566 2693 602 2746 ut
617 2682 819 2759 Macedones,
833 2703 896 2745 noo
911 2693 941 2746 te
957 2703 1006 2744 re-

72 2787 137 2846 pent
148 2787 250 2842 mum,
258 2768 318 2830 sed
325 2771 504 2832 ministrum
515 2779 546 2832 et
553 2769 764 2850 praebitorem
775 2779 901 2850 sperent
902 2769 1016 2848 fieret*

78 2850 161 2916 Bene
174 2852 355 2915 ministrum
368 2865 400 2916 et
415 2853 632 2938 praebitorem,
650 2851 724 2937 quia
743 2852 901 2916 sordidum
914 2854 982 2939 regi
996 2878 1003 2928 ;

74 2937 180 3000 melius
190 2937 296 3014 etiam,
311 2937 395 3022 quod
407 2938 606 3024 largitionem
617 2938 825 3023 corruptelam
834 2938 915 3002 dixit
926 2961 1003 3002 esse.

76 3021 126 3086 Fit
139 3023 223 3086 enim
245 3023 388 3100 deterior,
405 3025 459 3109 qui
481 3025 606 3111 accipit,
623 3035 719 3124 atque
733 3023 770 3086 ad
787 3023 869 3087 idem
883 3046 1005 3110 semper

74 3108 313 3193 exspectandum
324 3109 482 3194 parati0r².
518 3115 571 3174 54.
590 3110 662 3174 Hoc
674 3109 727 3172 rlle
739 3109 834 3173 fili0³:
851 3109 905 3173 sed
916 3133 1004 3196 prae-

75 3273 117 3304 non
138 3273 230 3320 possum
256 3259 299 3304 boc
321 3261 370 3305 loco
391 3260 514 3306 lectionem
555 3261 592 3306 An
615 3259 681 3320 quasi
703 3259 776 3304 invito
791 3258 901 3304 auctore?
931 3260 963 3304 At
980 3260 1004 3305 id

75 3338 126 3369 sene
136 3326 260 3370 notabilem
273 3324 341 3381 Regii
361 3326 455 3371 secundi
468 3327 515 3372 dis·
554 3327 656 3386 primurn
665 3325 703 3371 vix
715 3325 836 3370 credibile:
849 3325 933 3369 deinde
946 3340 1004 3384 quo·

77 3390 185 3444 simulare,
195 3391 216 3434 ei
235 3391 325 3449 quando
335 3392 428 3446 accidit,
441 3397 466 3436 at
475 3407 515 3450 po·
555 3392 625 3436 modo
631 3391 716 3436 addere
722 3390 806 3448 potuit,
815 3390 921 3434 Marcum
928 3389 1003 3434 filium

77 3453 247 3514 teatiaalt'eujue
263 3456 342 3514 opibus
357 3457 516 3502 circumveniri
555 3455 580 3500 id
602 3455 686 3500 scirei
726 3455 776 3513 Ego
798 3454 912 3512 intelligo,
936 3455 1002 3500 Cice-

77 3522 188 3579 urgen'que
208 3519 294 3580 aliquis
306 3520 418 3567 videatur.
454 3521 516 3580 Ergo
555 3534 644 3573 ranem,
656 3528 682 3565 ut
693 3520 722 3566 de
730 3519 881 3579 istejureniii
890 3519 1002 3573 oratione,

79 3597 152 3641 parum
176 3583 299 3642 diligenter
321 3585 420 3630 editores
439 3587 516 3631 locum
555 3585 640 3631 usitato
650 3599 718 3630 seusu
731 3585 814 3631 dicere.

79 3649 222 3694 contulerunt.
261 3646 304 3708 (¹⁴)
321 3649 379 3694 Vide
391 3651 420 3695 ad
433 3651 460 3697 de
472 3651 514 3696 Fa.
588 3649 639 3695 XV.
652 3647 685 3712 (¹)
696 3651 755 3696 Vide
775 3651 805 3695 ad
824 3649 839 3693 i.
855 3649 891 3692 1⁰.
905 3646 942 3691 33.
955 3659 1002 3703 spr.

82 3713 144 3766 1.t.;
160 3714 219 3759 adde
235 3713 273 3760 ifr.
289 3713 322 3760 iii.
343 3715 381 3760 22.
401 3716 438 3760 86.
471 3711 514 3773 (¹⁵)
557 3709 590 3775 (²)
599 3715 642 3761 Est
658 3715 828 3776 comparativus
845 3726 886 3770 pro
903 3710 1003 3770 positivo

80 3775 156 3834 Peerc,
178 3780 192 3803 ‘⁴
201 3793 229 3824 ex
248 3778 338 3825 scriniis
356 3778 414 3825 meis
433 3779 514 3827 exiit.''
556 3795 597 3840 per
607 3781 774 3828 attractionem.
809 3773 842 3837 (³)
856 3776 1001 3834 NWW·
