2450 4478
240 350 279 405 86
581 341 636 402 DE
656 343 829 405 OFFlCllS

239 504 321 570 male
347 501 561 568 existimare:
587 524 671 579 nam,
695 523 775 602 quos
799 503 971 588 improbos,
996 505 1200 582 maledicos}

240 589 456 656 fraudulentos
470 599 584 673 putant
598 601 630 652 et
645 589 685 652 ad
694 588 867 654 taciendam
881 588 1032 675 injuriam
1044 591 1200 672 instruc}

240 689 301 752 tos,
324 696 376 740 eos
395 683 601 738 contemnunt
628 673 756 760 quidem
780 674 974 760 neutiquam,
1000 677 1059 741 sed
1085 679 1131 742 de
1157 679 1200 746 iia

239 762 321 827 male
344 758 534 824 existimant.
592 758 816 837 Quamobrem,
841 772 876 824 ut
899 772 974 826 ante
997 763 1082 842 dixi,
1113 787 1200 830 con-r

240 856 422 912 temnuntur
436 843 470 922 ii,
495 845 549 930 qui
563 868 622 910 neo
637 845 698 910 sibi
712 869 771 910 nec
785 844 897 923 alteri⁸,
922 857 958 910 ut
980 847 1105 914 dicitur
1120 874 1132 926 ;
1158 851 1191 913 in

241 932 355 1018 quibus
369 930 474 996 nullus
488 929 586 1007 labor,
611 931 698 996 nulla
715 930 875 1008 industria,
899 932 990 997 nulla
1014 958 1097 1000 cura
1128 947 1190 1000 est.

240 1023 292 1085 37.
310 1017 524 1082 Admiratione
539 1029 646 1081 autem
667 1016 845 1082 afficiuntur
862 1017 897 1096 ii,
915 1017 970 1103 qni
984 1021 1115 1086 anteire
1139 1046 1200 1096 cor

241 1103 315 1168 tetis
330 1104 446 1167 virtute
460 1112 611 1188 putantur
625 1113 668 1180 et,
686 1124 784 1188 quum
799 1103 885 1167 omni
893 1126 998 1169 carere
1013 1105 1188 1184 dedecore,

242 1202 309 1254 tum
326 1211 398 1254 vero
412 1187 451 1252 iis
462 1187 556 1265 vitiis,
580 1187 695 1274 quibus
709 1188 763 1252 alii
777 1212 840 1253 non
863 1190 954 1254 facile
969 1207 1111 1276 possunt
1129 1195 1188 1258 ob-

240 1277 357 1340 sistere.
404 1273 488 1338 Nam
511 1286 543 1337 et
561 1273 750 1360 voluptates,
775 1275 992 1342 blandissimae
1019 1278 1187 1356 dominae,

241 1361 367 1447 majoris
382 1361 478 1446 partis
493 1358 626 1424 animos⁹
645 1383 664 1424 a
685 1360 802 1424 virtute
827 1362 1027 1446 detorquent,
1053 1379 1100 1442 et,
1130 1366 1187 1429 do-

242 1447 343 1510 lorum
358 1468 456 1531 quum
471 1445 678 1510 admoventur
695 1447 790 1523 faces,
814 1460 937 1532 praeter
959 1449 1095 1514 modum
1116 1453 1188 1536 ple·

241 1533 331 1618 rique
346 1543 552 1597 exterrentur.
600 1531 685 1608 Vita,
715 1554 809 1610 mors,
835 1532 971 1610 divitiae,
996 1550 1185 1622 paupertas,

242 1641 350 1683 omnes
379 1618 520 1683 homines
543 1615 817 1682 vehementissime
842 1635 1035 1704 permovent.
1088 1623 1186 1696 Quae

243 1706 297 1792 qui
312 1706 344 1768 in
360 1723 524 1788 utramque
535 1715 656 1788 partem
671 1703 795 1768 excelso
806 1703 912 1769 animo
925 1727 1111 1792 magnoque
1130 1709 1186 1772 de-

243 1817 257 1856 s
280 1792 391 1868 iciunt,
414 1789 599 1875 quumque¹⁰
612 1788 719 1874 aliqua
736 1788 775 1853 iis
796 1790 903 1875 ampla
920 1803 952 1856 et
974 1791 1111 1858 honesta
1136 1818 1187 1857 res

244 1816 368 1964 objecta
386 1889 444 1951 est,
470 1885 553 1938 totos
571 1873 610 1937 ad
625 1896 658 1938 se
673 1877 828 1940 convertit
842 1888 874 1939 et
888 1877 969 1962 rapit
978 1901 987 1954 3
1011 1891 1083 1943 tum
1110 1882 1185 1966 quis

243 1986 307 2062 non
330 1960 508 2093 9admiretur
532 1958 731 2045 splendorem
759 1961 1092 2050 pulchritudinemque
1122 1968 1187 2030 vir-

242 2062 337 2112 tutis.

290 2132 357 2196 Xl.
381 2137 433 2196 38.
459 2131 547 2216 Ergo
562 2129 687 2197 ethaeo
708 2132 802 2198 animi
822 2134 1025 2219 despicientia
1046 2137 1184 2202 admira-

243 2219 399 2283 bilitatem
417 2238 565 2304 magnam
589 2217 665 2282 facit
688 2230 720 2282 et
745 2219 879 2283 maxime
894 2221 1031 2305 justitia,
1060 2247 1102 2287 ex
1119 2247 1182 2308 qua

243 2327 306 2369 una
320 2304 437 2370 virtute
460 2302 518 2366 viri
543 2301 618 2367 boni
637 2304 844 2390 appellantur,
868 2306 999 2371 mirifica
1012 2310 1182 2392 quaedam¹

243 2389 438 2455 multitudini
452 2389 595 2465 videtur3
612 2413 671 2455 nec
684 2391 810 2475 injuria.
857 2390 961 2455 Nemo
976 2394 1062 2456 enirn
1074 2397 1181 2480 justus

243 2500 311 2542 esse
326 2487 440 2563 potest,
463 2475 519 2561 qui
533 2487 676 2551 mortem,
701 2476 756 2560 qui
775 2475 923 2554 dolorem,
947 2478 1004 2561 qui
1020 2481 1178 2556 exsilium,

243 2564 297 2649 qui
312 2574 484 2648 egestatem
499 2561 599 2638 timet,
623 2573 679 2625 aut
694 2562 748 2646 qui
763 2583 809 2636 ea,
834 2584 915 2646 quae
934 2576 1008 2627 sunt
1033 2564 1084 2628 his
1106 2589 1179 2630 con-

243 2648 346 2725 traria,
380 2646 532 2733 aequitati
551 2648 737 2732 anteponitz
761 2648 959 2732 maximeque
984 2648 1180 2715 admirantur

243 2756 325 2810 eum,
349 2732 404 2819 qui
428 2730 560 2819 pecunia
584 2755 645 2795 non
672 2744 832 2808 movetur3
857 2732 941 2818 quod
965 2733 998 2797 in
1022 2757 1088 2820 quo
1114 2738 1179 2800 viro

241 2831 440 2906 perspectum
466 2818 518 2896 sit,
550 2816 634 2880 hunc
666 2817 734 2904 igni
759 2819 947 2902 spectatum²
975 2821 1176 2888 arbitrantur.

245 2903 356 2990 Itaque
370 2904 426 2968 illa
441 2905 509 2980 tria,
534 2925 615 2988 quae
630 2903 789 2990 proposita
803 2917 877 2968 sunt
891 2906 930 2969 ad
945 2906 1091 2993 gloriam,
1114 2932 1178 2974 om-

241 2991 294 3056 nia
305 2990 429 3078 justitia
444 2988 589 3064 conficit3
606 3006 638 3053 et
652 2989 914 3066 benevolentiam,
930 2991 1017 3077 quod
1031 2994 1176 3079 prodesse

242 3077 311 3140 vult
328 3076 488 3162 plurimis;
511 3086 543 3139 et
554 3075 595 3139 ob
607 3075 747 3139 eamdem
763 3076 1008 3154 oausamfidem3
1024 3094 1058 3144 et
1078 3081 1174 3144 admi-

241 3163 404 3239 rationem,
429 3161 513 3248 quod
528 3184 580 3226 eas
603 3183 652 3225 res
667 3162 787 3248 spernit
811 3173 843 3226 et
867 3163 1013 3250 negligit,
1038 3164 1078 3228 ad
1100 3190 1175 3252 quas

243 3340 278 3384 10.
292 3338 330 3384 24.
364 3335 398 3399 (⁷)
416 3337 451 3384 Cf.
472 3338 504 3385 N.
516 3338 546 3384 D.
565 3337 580 3384 i.
600 3337 638 3384 ³1.
652 3339 690 3384 8⁵.
731 3339 810 3384 animi.
844 3338 906 3397 Ergo
917 3338 941 3384 in
957 3353 993 3396 eo,
1012 3340 1101 3399 opinor,
1119 3343 1174 3404 lapsi

241 3400 274 3465 (Β)
296 3404 356 3449 Puta
370 3409 472 3463 prorum.
505 3400 541 3466 (⁹)
563 3403 600 3449 Sic
620 3403 689 3449 Bern.
731 3413 786 3449 sunt
798 3403 892 3460 librarii,
908 3404 971 3463 quod
989 3405 1045 3451 istos
1063 3408 1172 3464 genitivos

240 3473 261 3515 3.
272 3469 318 3514 rol.
328 3469 426 3528 Philipp.
434 3469 472 3514 vii.
485 3470 507 3513 5.
517 3470 562 3520 16..
572 3471 586 3493 “
595 3469 685 3526 qnod..
731 3483 773 3528 pro
786 3471 883 3529 antiqua
899 3469 976 3515 forma
994 3472 1171 3519 accusativorum

239 3535 337 3581 offendit
347 3534 439 3579 animos
457 3531 551 3586 maioris
560 3536 636 3593 partia
649 3535 690 3579 bo·
730 3543 876 3594 aeceperunt.
920 3532 965 3596 (¹⁰)
989 3536 1007 3580 1.
1031 3550 1051 3581 e.
1074 3551 1171 3599 quosque

239 3602 330 3646 minum
345 3599 366 3654 ;’'
389 3606 414 3644 et
434 3612 503 3657 supra
525 3598 541 3643 i.
564 3599 602 3643 32.
628 3599 689 3653 118,
728 3601 1071 3660 quum-=v.ad5.18.spr.

238 3669 253 3692 ⁴¹
263 3679 323 3726 quae
342 3661 425 3724 orojon'
446 3663 510 3723 parti
530 3663 688 3721 pulcherrima
762 3665 804 3710 XI.
817 3663 851 3724 (¹)
865 3665 909 3710 l.e.
922 3663 1046 3710 mirificum
1059 3667 1170 3725 quiddam.

238 3733 347 3779 videntur
358 3731 382 3776 :”
393 3763 395 3769 -
406 3729 466 3790 vulg.
489 3725 588 3789 moJ'oret
607 3735 688 3788 portes
728 3724 762 3790 (²)
776 3731 812 3777 Sc.
822 3729 984 3776 sioutaurum:
997 3730 1044 3776 rid.
1054 3732 1134 3780 Matri.
1142 3736 1168 3780 ad
