2472 4432
394 417 472 479 LIB.
492 420 516 479 Ι.
536 421 629 482 CAP.
649 421 697 483 20.
971 414 1010 476 29

44 597 118 640 csse
134 575 330 663 cupiditate
345 577 499 657 vincendi,
512 579 568 657 sic,
582 590 618 644 ut
627 578 761 665 quisque
775 578 871 644 animi
885 580 1009 666 magni·

46 661 164 724 tudine
182 662 335 728 maxime
350 663 485 743 excellit,
498 663 545 730 ita
557 665 692 730 maxime
703 665 772 730 vult
783 665 927 754 princeps
943 687 1009 729 om-

46 747 141 812 nium
152 748 209 813 vel
224 748 342 835 potius
352 749 449 814 solus⁴
459 772 538 816 esse.
577 750 715 815 Difficile
724 762 829 816 autem
841 762 899 828 est,
911 773 1009 836 quum

48 848 222 916 praestare
254 835 406 900 omnibus
429 835 634 922 concupieris,
659 858 782 900 servare
807 837 1009 922 aequitatem,

47 941 136 1003 quae
161 931 217 984 est
228 921 382 1007 justitiae
402 921 537 986 maxime
560 921 698 1008 propria.
744 923 796 986 Ex
817 945 881 1008 quo
903 923 949 1001 fit,
974 935 1010 988 ut

48 1027 160 1090 neque
177 1005 420 1091 disceptatione
435 1007 517 1072 vinci
534 1029 567 1072 se
582 1030 641 1072 nec
656 1007 722 1070 ullo
736 1007 864 1093 publico
879 1031 915 1073 oc
930 1009 1009 1157 leqi-

47 1089 130 1154 timo
139 1092 223 1176 jure
240 1091 427 1178 patiantur3
450 1093 683 1179 exsistuntque⁵
700 1093 733 1157 in
756 1094 927 1181 republica
942 1118 963 1181 p
977 1119 1009 1160 e·

50 1199 197 1262 rumque
221 1177 396 1264 largitores
411 1190 443 1243 et
458 1179 590 1258 factiosi,
607 1192 643 1243 ut
658 1201 733 1265 opes
748 1201 843 1265 quam
856 1180 1009 1246 maximas

50 1274 307 1348 consequantur
329 1274 362 1328 et
383 1263 446 1330 sint
461 1264 491 1328 vi
507 1265 612 1350 potius
635 1264 818 1351 superiores,
835 1288 931 1352 quam
940 1267 1011 1353 jus-

51 1347 126 1414 titia
142 1371 261 1434 pares.
304 1348 377 1427 Sed,
391 1371 454 1436 quo
465 1349 631 1428 difficilius,
644 1349 705 1416 hoc
716 1352 922 1438 praeclarius:
939 1352 1009 1416 nul-

52 1433 123 1498 lum
152 1434 251 1499 enim
277 1445 327 1498 est
351 1445 485 1521 tempus,
509 1435 595 1521 quod
605 1435 731 1522 justitia
753 1459 864 1504 vacare
886 1438 1009 1503 debeat.

53 1520 109 1583 65.
136 1519 265 1585 Fortes
279 1520 378 1608 igitur
389 1532 421 1584 et
435 1521 627 1608 magnanimi
642 1533 715 1586 sunt
728 1521 865 1588 habendi
880 1546 943 1588 non
954 1525 1008 1609 qui

55 1605 198 1684 faciunt,
212 1605 272 1670 sed
287 1605 343 1706 qui
358 1606 540 1707 propulsant
555 1607 711 1694 injuriam.
759 1608 844 1673 Vera
858 1620 964 1680 autem
978 1622 1010 1673 et

55 1691 192 1777 sapiens
203 1691 305 1756 animr
315 1692 499 1792 magnitudo
507 1691 676 1758 honestum
685 1693 867 1778 illud,quod
875 1695 1010 1760 maxime

57 1789 179 1842 natura
195 1776 354 1862 sequitur,
370 1799 403 1840 rn
418 1778 507 1843 factis
521 1778 670 1864 positum,
688 1801 751 1843 non
766 1779 799 1843 in
814 1779 915 1867 gloria
920 1780 1010 1929 judi-

57 1876 135 1928 cat:
175 1862 419 1950 principemque
449 1885 482 1928 se
511 1886 578 1928 esse
605 1865 738 1943 mavult,
792 1887 864 1930 uam
888 1866 919 1930 vi
941 1865 1008 1930 eri⁶.

62 1947 217 2026 Etenim,
235 1949 291 2034 qui
306 1970 346 2012 ex
361 1971 463 2013 errore
474 1949 636 2036 imperitae
647 1887 856 2017 multitudinis
891 1950 1007 2042 endetl,

60 2033 114 2099 hic
125 2035 164 2098 in
182 2033 311 2119 magnis
326 2033 401 2098 viris
416 2057 479 2098 non
494 2046 542 2100 est
556 2034 731 2102 habendus.
777 1973 940 2102 Facillime
954 2059 1009 2102 au-

62 2131 130 2184 tem
157 2119 204 2184 ad
228 2141 277 2183 res
303 2119 438 2206 injustas
459 2120 642 2222 impellitur,
660 2132 696 2186 ut
710 2123 843 2208 quisque
857 2123 1010 2189 altissimo

60 2206 177 2270 animo
204 2215 264 2282 est,
292 2205 412 2292 gloriae
438 2206 641 2292 cuprditate⁸:
689 2208 721 2271 ui
746 2207 847 2274 locus⁹
869 2220 917 2274 est
936 2231 1010 2276 sane

64 2292 226 2369 lubricus,
244 2291 330 2376 quod
350 2290 405 2356 vix
425 2291 595 2369 invenitur,
612 2230 841 2378 qdlabonbus
856 2296 1010 2382 susceptis

66 2377 284 2462 periculisque
304 2376 395 2440 aditis
410 2399 485 2455 non,
502 2378 591 2463 quasi
606 2378 806 2444 mercedem¹⁰
819 2402 922 2444 rerum
936 2403 1011 2468 ges·

67 2475 188 2539 tarum,
206 2462 361 2526 desideret
375 2461 518 2550 gloriam.

117 2549 208 2612 XX.
232 2549 285 2612 66.
305 2547 445 2612 Omnino
456 2548 544 2613 fortis
555 2549 678 2614 animus
692 2561 725 2615 et
738 2573 872 2638 magnus
887 2551 1008 2618 duabus

69 2635 166 2700 rebus
181 2633 319 2700 maxime
341 2633 479 2697 comitur
487 2657 496 2710 3
519 2657 651 2720 quarum
666 2658 729 2700 una
741 2636 775 2700 in
790 2659 893 2702 rerum
908 2650 1010 2704 exter-

70 2743 184 2785 narum
192 2718 399 2806 despicientia
412 2719 550 2805 ponitur,
563 2743 662 2806 quum
675 2744 858 2808 persuasum
869 2724 921 2802 sit,
932 2723 1012 2790 nihil

70 2805 245 2883 hominem,
272 2805 333 2868 nisi
354 2805 438 2890 quod
459 2804 626 2871 honestum
647 2807 857 2894 decorumque
878 2810 930 2888 sit,
954 2822 1010 2876 aut

70 2891 219 2957 admirari
233 2901 290 2956 aut
312 2902 420 2977 optare
441 2903 497 2956 aut
518 2914 558 2956 ex
581 2905 665 2958 etere
692 2905 846 2980 oportere,
864 2895 1006 2981 nullique

72 3000 175 3065 neque
189 2975 313 3040 homini
327 2999 429 3063 neque
443 2915 669 3064 pertmffationi
684 2981 779 3044 animi
793 3002 852 3044 nec
865 2982 1009 3047 fortunae

72 3062 287 3129 succumbere.
322 3063 432 3127 Altera
446 3073 495 3128 est
509 3085 568 3142 res,
581 3076 628 3142 ut,
639 3086 738 3150 quum
752 3065 797 3130 ita
810 3065 853 3131 sis
868 3065 1009 3132 affectus¹

74 3215 95 3260 J.
107 3215 134 3262 F.
144 3213 229 3270 Heus,
241 3214 257 3238 ‘⁴
266 3213 295 3259 ln
304 3213 388 3273 quibus
396 3217 465 3261 rebus
474 3214 520 3274 pri·
561 3215 722 3276 insipientium
750 3233 857 3267 sermone
876 3223 983 3283 pendere.
993 3222 1007 3244 ¹¹

72 3295 125 3326 mus
133 3294 184 3327 erse
196 3279 372 3333 debebrtrolur
380 3293 430 3326 esse
442 3280 521 3340 cupie-
562 3277 595 3342 (⁸)
601 3281 689 3328 ltaGn.
698 3283 727 3340 l.,
733 3283 793 3330 icut
800 3284 871 3332 etiam
880 3289 1009 3348 conjecerat

74 3345 135 3391 brt.”
169 3341 521 3406 (⁶)recc.moeantquo‚srus-
562 3345 789 3394 Pearc.:nl.verieet
809 3351 1009 3411 lercptduatacu·

75 3419 152 3456 nstv.
160 3409 250 3455 adas.
258 3423 303 3468 pr.
322 3409 522 3469 Copulamantem
559 3413 622 3471 pido,
641 3413 744 3472 cupidus.
825 3415 872 3463 Cic.
889 3417 965 3478 Toplc.
985 3419 1007 3464 2.

74 3475 218 3521 adversative
241 3473 418 3533 intelligendam
442 3479 523 3520 monet
563 3476 593 3532 8.,
605 3476 697 3523 “Licet
709 3478 814 3537 definire,
825 3481 896 3529 locum
907 3496 957 3528 erse
967 3497 1006 3528 nr·

75 3539 177 3600 Krmp.
191 3540 257 3586 Odor.
271 3553 294 3598 p.
308 3538 359 3585 18.:
379 3554 400 3584 v.
413 3538 472 3586 adi.
482 3537 521 3583 22.
561 3541 668 3600 gementi
686 3543 765 3589 sedem
775 3543 798 3590 :⁹⁹
813 3544 841 3591 cs.
852 3547 884 3593 N.
895 3547 926 3594 D.
940 3547 957 3592 i.
967 3547 1006 3592 28.

76 3619 120 3664 apr.
153 3599 522 3666 (⁶)cr.ii.1o.t³.ifr.etd0A.
563 3603 611 3661 78,
638 3605 755 3654 “Difficili
781 3608 806 3654 in
833 3611 879 3657 loco
906 3611 1006 3657 versor.'’

77 3669 115 3715 26.
127 3671 179 3725 98.;
196 3668 261 3715 adde
272 3669 367 3716 Sallust.
376 3669 401 3715 C.
409 3669 523 3721 stau,
564 3667 609 3731 (¹⁰)
621 3669 656 3717 Cl-
669 3687 714 3732 pro
724 3675 794 3721 Areu
804 3675 840 3720 ll.
853 3676 899 3730 28.,
911 3675 950 3720 ubl
960 3675 1005 3719 rid.

78 3733 133 3780 Hor.
141 3735 219 3794 Epist.
232 3733 248 3779 i.
260 3729 523 3790 16.17.‚Martratviii.
564 3735 649 3782 ldattlr.

77 3798 114 3844 ³8.
144 3795 179 3861 (⁷)
195 3799 234 3845 Gi.
248 3799 277 3846 de
288 3799 316 3847 F.
327 3799 351 3846 ii.
361 3801 397 3846 15.
410 3799 456 3856 50„
469 3798 524 3842 “ex
550 3862 570 3923 2
596 3801 649 3849 XX.
665 3798 699 3864 (¹)
711 3802 748 3851 cf.
764 3802 803 3852 2³,
820 3801 866 3859 79,
877 3801 909 3848 ili.
927 3803 948 3846 ⁵.
966 3801 1005 3853 21.

517 3876 539 3920 D
