2450 4478
377 383 457 444 LIB·
478 382 537 444 111.
560 383 653 444 CAP.
674 385 720 444 18.
962 387 1019 446 139

49 541 214 610 Minucii
241 541 354 622 Basili,
371 545 539 648 locupletis
559 543 704 621 hominis,
720 542 835 608 falsum
850 553 1019 610 testamen·

48 641 126 694 tum
142 631 289 718 quidam
304 655 322 695 e
337 630 473 698 Graecla
487 632 622 696 Romam
636 629 831 694 attulerunt:
855 631 940 716 quod
954 653 1018 716 quo

46 715 197 782 facilius
233 717 437 796 obtinerent²‚
465 718 655 804 scripserunt
676 714 806 780 heredes
837 739 945 781 secum
968 717 1018 781 M.

53 802 234 868 Crassum
249 814 282 867 et
301 803 344 878 Q.
363 803 581 880 Hortensium,
598 802 740 866 homines
755 802 896 888 ejusdem
910 803 1019 868 aetatis

49 889 336 973 potentissimos:
359 890 414 976 qui
436 913 535 976 quum
557 888 636 953 illud
659 887 771 952 falsum
794 911 861 952 esse
881 889 1020 975 suspica·

51 986 195 1053 rentur,
215 974 276 1040 sibi
292 986 398 1040 autem
412 976 530 1040 nullius
545 985 649 1040 essent
660 973 776 1038 conscii
786 975 838 1038 cul
861 997 909 1052 ae,
926 974 1020 1040 alieni

51 1059 240 1126 facinoris³
248 1061 471 1126 munusculum
481 1084 544 1126 non
554 1059 808 1147 repudiaverunt.
829 997 1019 1148 &uidergoi‘

54 1147 163 1210 satin’
179 1158 233 1211 est
245 1145 316 1224 hoo,
328 1156 364 1211 ut
372 1169 436 1211 non
443 1147 613 1233 deliquisse
624 1145 815 1210 videantur?
855 1145 940 1210 Mihi
951 1147 1020 1233 qui·

56 1230 140 1296 dem
157 1255 230 1297 non
246 1233 390 1309 videtur;
413 1255 605 1319 quamquam
626 1232 760 1297 alterum
781 1233 888 1296 vivum
903 1231 1018 1310 amavi,

59 1316 216 1382 alterum
238 1341 303 1382 non
328 1318 380 1383 odi
400 1331 571 1383 mortuum.
616 1320 668 1385 74.
684 1316 758 1395 Sed,
779 1339 877 1403 quum
895 1317 1021 1382 Basilus

62 1402 119 1466 M.
144 1403 303 1482 Satrium,
319 1406 433 1468 sororis
446 1405 557 1484 filium,
574 1425 796 1468 nomeusuum
810 1405 889 1468 ferre
904 1404 1022 1469 voluis-

61 1500 117 1554 set
142 1512 288 1574 eumque
308 1489 433 1556 fecisset
446 1487 603 1568 heredem,
631 1489 730 1578 (hunc
749 1489 819 1553 dico
843 1490 1022 1575 patronum⁴

64 1576 145 1662 agri
165 1576 279 1640 Piceni
293 1587 326 1640 et
344 1576 474 1653 Sabini3
497 1599 516 1641 ο
531 1588 655 1663 turpem
669 1585 777 1639 notam
793 1587 971 1660 temporum
984 1575 1023 1640 il-

64 1659 185 1726 lorum
191 1662 216 1749 1)
230 1684 305 1725 num
317 1676 384 1727 erat
393 1685 541 1749 aequum,
554 1661 710 1749 principes
720 1660 803 1724 cives
812 1683 878 1724 rem
892 1659 1020 1739 habere,

68 1747 116 1810 ad
138 1748 283 1812 Satrium
298 1747 376 1812 nihil
387 1755 510 1835 praeter
520 1771 633 1814 nomen
642 1746 829 1834 pervenire?
878 1746 1019 1823 Etenim,

70 1833 101 1896 si
116 1834 161 1912 io,
180 1834 236 1919 qui
246 1856 311 1898 non
319 1833 459 1898 defendit
467 1834 615 1921 injuriam
626 1855 730 1918 neque
741 1831 932 1918 propulsata
944 1855 1022 1918 quo·

74 1919 153 1999 vis⁶,
172 1942 271 2006 quum
281 1930 399 2020 potest,
416 1918 532 2006 injuste
546 1921 632 1997 facit,
650 1931 685 1983 ut
699 1919 732 1981 in
752 1918 852 2004 primo
865 1918 947 1983 libro
963 1918 1024 1985 dis·

73 2007 177 2083 serui,
203 2006 306 2090 quahs
328 2005 490 2071 habendus
511 2006 539 2070 is
561 2017 619 2084 est,
637 2005 693 2090 qui
710 2027 773 2068 non
787 2005 881 2069 modo
896 2027 960 2068 uon
975 2030 1023 2071 re·

75 2093 186 2175 pellit,
215 2091 269 2156 ssd
295 2091 391 2156 etiam
415 2091 544 2178 adjuvat
568 2091 742 2178 injuriam?
788 2090 873 2155 Mihi
896 2091 1023 2176 quidem

76 2177 191 2244 etiam⁶
201 2201 293 2243 verae
312 2176 500 2242 hereditates
510 2176 733 2242 nonhonestae
743 2176 898 2255 videntur,
913 2177 939 2240 si
952 2190 1026 2242 sunt

77 2264 248 2328 malitiosis
270 2262 440 2342 blanditiis,
464 2262 651 2328 officiorum⁷
669 2285 733 2326 non
755 2263 897 2339 veritate,
914 2263 969 2327 sed
982 2263 1024 2326 si-

78 2349 258 2414 mulatione
282 2350 455 2436 quaesitae.
502 2349 602 2434 Atqui
624 2349 659 2412 in
684 2348 801 2413 talibus
823 2347 916 2411 rebus
938 2347 1024 2412 aliud

81 2435 430 2512 utileinterdum,aliud
439 2435 607 2500 honestum
616 2435 715 2499 videri
724 2435 815 2498 solet.
839 2431 1022 2500 75.Fals0⁸:

81 2543 157 2586 nam
166 2521 278 2586 eadem
288 2521 446 2599 utilitatis,
458 2544 539 2606 quae
548 2519 732 2597 honestatis,
745 2531 792 2584 est
801 2518 923 2606 regula.
957 2517 1023 2593 Qui

82 2605 146 2672 hoc
160 2630 226 2671 non
239 2606 418 2694 perviderit,
435 2607 475 2672 ah
489 2606 551 2672 hoc
572 2605 661 2670 nulla
675 2606 758 2669 fraus
772 2605 883 2682 aberit,
900 2603 1023 2669 nullum

82 2693 217 2758 facinus.
266 2692 320 2757 Sic
342 2693 427 2756 enim
442 2693 596 2780 cogitans,
616 2699 638 2731 “
653 2690 713 2755 Est
728 2690 810 2756 istuc
825 2691 953 2776 quidem
967 2689 1024 2755 ho-

84 2792 211 2844 nestum
225 2802 234 2854 ;
256 2800 366 2842 verum
387 2776 448 2842 hoc
463 2777 621 2865 expedit,”
637 2799 686 2840 res
701 2799 721 2840 a
734 2786 847 2842 natura
861 2776 1025 2864 copulatas

83 2865 213 2930 audebit
227 2885 330 2928 errore
345 2863 493 2928 divellere
506 2888 515 2940 ς
538 2864 593 2950 qui
607 2864 678 2928 fons
689 2873 737 2928 est
747 2862 916 2942 fraudium,
927 2863 1025 2928 male-

83 2951 237 3029 ficiorum,
254 2950 407 3015 scelerum
423 2951 575 3016 omnium.

85 3173 116 3219 ci.
127 3172 156 3220 de
168 3171 196 3217 F.
208 3169 225 3216 i.
234 3170 272 3216 lo.
283 3170 330 3226 51,
342 3169 476 3217 “cairoendi
487 3184 538 3216 ma·
578 3169 650 3217 cliens
658 3170 733 3216 esse.''
751 3167 784 3229 (⁵)
795 3167 942 3215 Inscribere
952 3168 1026 3214 malui

85 3238 121 3296 gis
132 3249 204 3297 quam
216 3234 369 3281 dedocendi.”
404 3230 438 3295 (²)
451 3233 486 3279 Gi.
494 3249 539 3294 pro
577 3247 620 3294 pro
629 3237 691 3293 vulg.
699 3250 714 3280 a
722 3238 915 3294 auis‚quamcuur
922 3233 1026 3280 lleuaet

91 3303 171 3352 &rint
183 3301 223 3346 23.
237 3299 275 3347 75.
287 3309 356 3356 extr,
368 3299 445 3346 “Non
457 3299 487 3345 ad
498 3301 537 3346 oh·
578 3301 650 3347 Orell.
662 3300 707 3345 hoc
718 3301 812 3346 delere:
830 3300 861 3344 of.
873 3299 888 3343 i.
901 3297 923 3346 7.
933 3299 971 3344 23.
979 3313 1026 3359 apr.

87 3367 204 3414 timendum
209 3365 366 3420 mendacium,
373 3365 538 3411 sedadverum
579 3365 670 3411 Tamen
681 3366 786 3424 suspicor
797 3364 906 3410 lacunam
916 3377 975 3420 esse,
985 3379 1026 3412 nr·

87 3432 234 3492 probandum
243 3426 537 3490 auctoritasadjuvat;'¹ifr.
576 3444 619 3488 qne
626 3430 748 3490 propulsat
760 3425 787 3490 [a
795 3428 906 3488 quolibet,
918 3443 965 3474 non
974 3443 1027 3474 mo·

90 3497 127 3543 1⁹.
137 3495 176 3543 77.
204 3490 240 3555 (³)
249 3495 268 3542 1.
279 3509 300 3541 e.
311 3496 388 3542 alieno
397 3495 483 3541 scelere
493 3494 537 3540 sihi
576 3491 619 3555 do]
640 3509 655 3540 a
674 3494 730 3541 auia.
772 3487 803 3553 (⁶)
822 3493 885 3539 Nota
901 3493 1026 3553 particulas

89 3563 199 3610 delatum.
234 3556 268 3622 (⁴)
291 3560 328 3607 Cf.
342 3561 444 3620 Philipp.
463 3560 487 3606 ii.
496 3557 534 3606 41.
575 3559 957 3619 etiam..ron,i.e.ne..quidem.
990 3554 1025 3618 (⁷)

91 3625 143 3676 107.
155 3627 220 3686 apud
230 3626 257 3672 Ο.
270 3626 361 3681 Heus,
378 3627 393 3650 “
402 3625 455 3672 Non
466 3631 494 3672 ut
504 3632 535 3680 te,
576 3621 824 3684 Indistinguitueus.
836 3623 943 3682 quidem:
954 3621 984 3668 al.
995 3637 1025 3669 n.

90 3699 116 3738 ut
136 3692 251 3746 Basilum,
274 3705 333 3751 quos
350 3690 446 3736 clientes
466 3704 536 3736 nemo
576 3690 597 3736 h.
617 3687 663 3750 off„
683 3703 727 3737 noo
746 3705 767 3738 u.
801 3684 834 3750 (Β)
847 3686 901 3735 Vid.
916 3685 979 3734 Cort.
994 3687 1026 3736 sd

90 3757 174 3810 lubere
195 3756 260 3814 velit,
281 3771 329 3802 non
350 3756 421 3804 modo
442 3755 536 3804 illorum
577 3755 673 3804 Sallust.
684 3769 709 3818 p.
721 3755 776 3804 923.
788 3768 809 3800 a.
