2450 4478
384 387 515 470 unu.
538 386 627 449 oar.
649 391 694 447 rs.
968 393 1006 449 97

52 543 238 622 bonorum,
256 567 338 631 quos
353 547 473 611 cunctis
488 545 642 633 suffragiis
658 545 761 632 adepti
777 568 884 612 sumus
897 560 1006 632 nostro

54 629 199 714 quidem
216 655 311 710 anno,
328 633 411 717 quod
423 633 558 720 contigit
570 655 677 697 eorum
686 633 813 710 nemini,
826 657 904 719 quos
916 635 1009 699 modo

55 719 244 795 nominavi,
252 741 328 782 sanc
337 719 471 806 exiguus
483 732 605 783 sumtus
615 718 872 799 aedilitatisfffuit.
887 723 939 784 60.
949 723 1008 786 At-

57 825 129 888 que
146 805 247 869 etiam
262 805 337 868 illae
347 804 504 890 impensae
513 805 667 882 melioreS,
679 803 782 882 muri⁹‚
794 807 926 885 navalia,
937 829 1009 893 por-

57 903 129 968 tus,
157 913 315 976 aquarum
338 890 461 967 ductus,
489 891 667 975 omniaque,
693 913 774 976 quae
796 891 836 955 ad
858 915 949 957 usum
964 894 1008 956 rei

56 977 218 1062 publicae
231 977 401 1063 pertinent.
448 976 660 1062 Quamquam,
673 977 757 1061 quod
791 1000 915 1042 raesens
930 991 1009 1043 tam·

59 1085 167 1146 quam
181 1063 216 1125 in
232 1085 360 1126 manum
373 1063 476 1137 datur,
489 1061 659 1147 jucundius
674 1073 741 1129 est:
764 999 843 1129 daec
858 1066 1006 1129 tamenin

59 1159 233 1233 posterum
248 1149 396 1234 gratiora.
444 1148 594 1224 Theatra,
616 1148 765 1233 porticus,
782 1171 864 1213 nova
878 1152 1005 1237 templa,

63 1235 280 1300 verecundius
295 1234 487 1318 reprebendo
499 1246 626 1320 propter
638 1234 825 1318 Pompeium
837 1260 845 1299 r
869 1238 923 1301 sed
934 1237 1008 1302 doc-

64 1321 185 1385 tissimi
212 1342 276 1383 non
299 1321 443 1405 probant,
460 1332 542 1383 utet
564 1319 616 1384 hic
630 1319 698 1404 ipse
716 1320 895 1400 Panaetius,
912 1346 1007 1408 quem

64 1407 208 1470 multum
223 1407 256 1469 in
272 1405 320 1469 his
334 1405 422 1470 libris
437 1418 562 1470 secutus
577 1427 656 1483 sum,
670 1428 732 1469 non
749 1407 1005 1494 interpretatus¹⁰‚

65 1507 99 1556 et
134 1492 311 1556 Phalereus
343 1492 534 1569 Demetrius,
566 1491 621 1578 qui
649 1492 812 1570 Periclem,
835 1494 1007 1580 principem

70 1579 241 1654 Graeciae,
260 1577 427 1662 vituperat,
445 1578 529 1662 quod
552 1588 670 1642 tantam
692 1579 855 1663 pecuniam
871 1580 903 1642 in
918 1603 1008 1666 prae·

67 1666 155 1729 clara
175 1664 234 1728 illa
256 1664 426 1750 propylaea
447 1663 625 1749 conjecerit.
673 1664 736 1728 Sed
758 1664 796 1727 de
816 1663 877 1728 hoc
891 1687 1006 1750 genere

68 1763 138 1815 toto
154 1751 188 1814 in
204 1749 243 1812 iis
259 1749 356 1826 libne,
374 1772 453 1835 quos
468 1749 507 1812 de
525 1750 573 1812 Re
592 1749 724 1814 Publica
738 1749 857 1835 scripsi,
874 1750 1007 1837 diligen-

68 1849 118 1900 ter
143 1848 194 1900 est
219 1835 423 1921 disputatum.
471 1836 556 1899 Tota
580 1834 771 1922 igiturratio
786 1835 897 1900 talium
912 1835 1006 1924 largi-

69 1924 193 1986 tionum
209 1943 327 2008 genere
350 1922 462 1986 vitiosa
476 1932 534 1999 est,
552 1922 744 2007 temporibus
759 1922 951 1999 necessaria3
975 1935 1006 1988 et

69 2022 139 2073 tum
152 2007 283 2094 ipsum¹¹
298 2017 331 2070 et
345 2007 385 2071 ad
396 2008 561 2072 facultates
573 2008 834 2072 accommodanda
844 2019 876 2072 et
890 2008 1007 2075 medio-

71 2096 182 2159 critate
198 2093 388 2158 moderanda
400 2104 458 2156 est.

116 2179 265 2244 XVIll.
289 2181 341 2242 61.
364 2179 400 2242 ln
412 2179 466 2242 illo
477 2178 702 2243 autemaltero¹
713 2202 828 2266 genere
839 2180 1004 2268 largiendi,

72 2267 155 2352 quod
171 2291 190 2330 a
204 2265 394 2329 liberalitate
408 2265 624 2350 proficiscitur,
637 2287 699 2328 non
714 2287 777 2329 uuo
788 2265 881 2330 modo
895 2268 929 2329 in
943 2268 1006 2331 dis-

72 2354 199 2440 paribus
223 2351 323 2416 causis
345 2351 447 2415 affecti
469 2373 536 2414 esse
559 2349 718 2414 debemus.
765 2351 838 2414 Alia
852 2374 945 2417 causa
959 2367 1006 2418 est

72 2442 148 2526 ejus,
162 2438 220 2524 qui
236 2436 411 2500 calamitate
427 2437 587 2522 premitur,
599 2448 631 2500 et
642 2438 721 2522 ejus,
735 2437 846 2520 quires
861 2438 1005 2503 meliores

72 2525 205 2611 quaerit,
223 2522 320 2586 nullis
342 2522 429 2586 usus²
444 2523 536 2586 rebus
555 2521 702 2585 adversis.
746 2523 799 2585 62.
818 2523 1006 2610 Propensior

73 2611 253 2712 benignitas
268 2631 336 2672 esse
351 2607 478 2672 debebit
486 2609 518 2671 in
530 2607 736 2684 calamitosos,
750 2607 809 2671 nisi
823 2610 903 2673 forte
913 2623 1006 2676 erunt

73 2697 159 2785 dignr
171 2695 359 2761 calamitate.
396 2693 434 2757 lu
445 2693 483 2758 iis
494 2705 610 2771 tamen,
625 2695 723 2778 quise
735 2693 874 2779 adjuvari
886 2695 1003 2775 volent,

74 2806 134 2847 non
143 2805 184 2846 ne
196 2781 387 2866 affligantur,
401 2779 456 2843 sed
465 2790 499 2843 ut
509 2779 650 2843 altiorem
660 2778 792 2866 gradum
803 2780 1002 2861 adscendunt,

73 2868 205 2933 restricti
215 2867 344 2929 omnino
354 2888 421 2929 esse
435 2865 522 2928 nullo
531 2866 624 2929 modo
638 2865 807 2941 debemus3
823 2867 918 2931 sedin
929 2869 1006 2932 deli-

76 2955 184 3042 gendis
198 2953 318 3016 idoneis
328 2951 482 3037 judicium
496 2957 533 3016 et
542 2950 737 3038 diligentiam
746 2951 909 3017 adhibere:
932 2977 1005 3019 narn

76 3040 232 3126 praeclare
250 3038 383 3116 Ennius,

213 3191 372 3262 Berwfucta
383 3193 451 3247 mole
463 3193 550 3246 locata
561 3193 712 3266 prolesnata
724 3193 846 3247 arbitror.

80 3387 310 3452 (⁷)Notanumerum
318 3391 432 3449 pluralem
438 3403 479 3449 per
486 3397 521 3434 at·
561 3389 711 3435 ccssariaest.
725 3385 814 3450 Recepi
823 3393 897 3451 ipram
905 3406 947 3451 pro
955 3393 1006 3452 ipsa

82 3457 228 3502 tractionem:
247 3469 267 3500 v.
286 3457 315 3500 ad
336 3457 367 3501 iii.
383 3454 418 3502 17.
432 3456 469 3500 68.
480 3454 520 3500 ifr.
561 3469 574 3499 e
586 3456 652 3500 codd.
664 3454 783 3513 pluribus:
802 3456 848 3501 vid.
861 3457 965 3516 Madvig.
977 3458 1007 3502 ad

83 3518 114 3583 (Β)
125 3522 210 3580 cipro
221 3519 283 3564 Mur.
296 3521 333 3566 20.
346 3522 384 3565 40.
419 3517 519 3582 (⁹)1.e.
561 3519 589 3566 de
603 3520 630 3565 F.
643 3535 665 3579 p.
678 3521 731 3565 256.

83 3601 137 3645 quae
155 3586 179 3631 in
199 3583 278 3640 muris,
299 3593 351 3640 etc,
364 3585 437 3630 liunt:
456 3599 477 3630 v.
489 3584 520 3629 ad
592 3584 683 3630 XVlll.
694 3581 727 3646 (¹)
737 3585 757 3632 I.
767 3600 786 3632 e.
796 3585 820 3632 in
828 3585 956 3640 illoaltero,
964 3599 1003 3645 np.

84 3651 98 3695 i.
108 3651 144 3697 22.
155 3649 193 3698 76.
205 3663 250 3708 spr.
284 3645 329 3710 (¹⁰)
337 3649 371 3694 cf.
383 3650 399 3694 i.
406 3650 428 3694 2.
441 3651 462 3695 6.
472 3664 518 3708 spr.
559 3647 584 3694 in
604 3664 633 3695 eo
654 3650 764 3710 quod—r
782 3665 803 3696 v.
823 3653 852 3698 ad
873 3653 894 3697 9.
908 3649 945 3696 31.
958 3663 1003 3709 spr.

84 3712 123 3776 (¹¹)
131 3716 149 3763 1.
160 3729 180 3762 c.
192 3713 263 3760 etiam
274 3723 331 3771 tum,
343 3729 381 3775 np.
392 3728 465 3774 quum
476 3729 518 3760 ne·
561 3709 595 3776 (²)
608 3715 645 3762 lta
653 3716 788 3763 emendavi:
810 3717 872 3775 vulg.
881 3715 1007 3761 narrastis

532 3795 554 3838 K
