2472 4432
270 395 309 478 :2
411 357 417 366 ’
617 401 673 462 na
696 401 868 464 ornans

270 568 333 624 tem
348 557 506 624 simulatio
522 561 675 626 vanitati¹¹
690 573 738 627 est
753 560 958 649 conjunctior,
983 582 1084 648 quam
1102 579 1157 626 aut

269 643 425 709 beralitati
433 657 488 710 aut
497 646 666 713 honestati.
710 652 761 712 45.
779 649 925 712 Tertium
934 657 982 712 est
996 649 1157 734 proposit

270 739 305 793 ut
319 728 351 792 in
368 730 573 797 beneficentia
583 733 724 798 delectus
740 745 822 798 esset
838 733 1021 821 dignitatis:
1046 733 1081 796 in
1102 755 1157 818 qm

268 836 369 880 mores
383 817 453 903 ejus
467 833 559 882 erunt
569 819 740 905 spectandi,
764 820 797 884 in
813 841 909 906 quem
927 817 1126 884 beneficium
1144 841 1157 882 c

268 900 395 980 feretur,
413 913 445 967 et
456 905 579 968 animus
594 928 670 992 erga
684 927 741 969 nos
756 915 788 970 et
799 906 1007 970 communitas
1019 927 1058 968 ac
1076 905 1157 968 soci«

268 985 352 1050 vitae
367 989 454 1053 etad
469 1002 591 1055 nostras
602 990 755 1056 utilitates
770 991 873 1055 officia
887 1002 960 1056 ante
974 990 1115 1054 collata:
1135 1014 1157 1076 q

269 1082 305 1135 ut
320 1087 506 1141 concurrant
520 1077 634 1154 omnia,
659 1075 797 1163 optabile
811 1089 880 1152 est3
903 1078 930 1140 si
958 1081 1076 1154 minua,
1104 1076 1157 1162 plr

268 1158 404 1222 causac¹²
419 1162 614 1248 majoresque
628 1161 774 1248 ponderis
789 1162 860 1248 plus
875 1161 1050 1228 habebunt.

314 1243 397 1310 XV.
420 1249 473 1311 46.
499 1248 659 1322 Quoniam
681 1259 785 1312 autem
810 1248 937 1325 vivitur,
961 1269 1026 1311 non
1049 1269 1157 1334 cump

266 1327 357 1394 fectis
379 1330 558 1399 hominibus
583 1332 738 1420 planeque
760 1333 965 1419 sapientibus,
982 1332 1038 1397 sed
1060 1355 1140 1398 cum

267 1413 312 1478 inl
335 1416 459 1501 quibus,
484 1420 642 1505 praeclare
663 1419 779 1507 agitur,
797 1419 823 1483 si
838 1432 912 1484 sunt
926 1418 1094 1483 simulacra
1111 1419 1158 1482 vir

269 1499 327 1577 tis;
349 1503 443 1568 etiam
459 1504 520 1570 hoo
539 1505 780 1593 intelligendum
798 1516 886 1590 puto,
903 1506 1061 1568 neminem
1077 1527 1156 1568 omn

268 1607 335 1651 esse
359 1590 594 1679 negligendum,
611 1592 645 1655 in
667 1613 730 1676 quo
752 1590 858 1677 aliqua
872 1590 1062 1678 significatio
1079 1591 1158 1654 virtr

267 1688 437 1760 appareat:
461 1677 628 1742 colendum
636 1688 743 1741 autem
754 1699 821 1740 esse
830 1677 876 1741 ita
887 1698 1044 1762 quemque
1055 1677 1158 1740 maxir

267 1771 304 1824 ut
318 1761 453 1847 quisque
467 1764 602 1827 maxime
618 1763 786 1828 virtutibus
797 1761 846 1826 his
855 1762 1024 1826 lenioribus
1040 1762 1101 1825 erit
1117 1785 1158 1825 or:

266 1857 328 1923 tus,
357 1847 517 1925 modestia,
543 1848 759 1948 temperantia,
783 1847 842 1912 hac
864 1849 941 1934 ipsa,
958 1846 997 1911 de
1019 1869 1084 1932 qua
1106 1871 1158 1911 mu

262 1931 330 2016 jam
346 1931 428 1996 dcta
443 1943 526 2010 sunt,
540 1933 676 2019 justitia.
723 1933 807 1998 Nam
823 1935 911 1998 fortis
926 1933 1050 1997 animus
1066 1945 1100 1998 et
1115 1957 1158 1998 mr

266 2037 325 2079 nus
348 2017 380 2079 in
402 2016 529 2082 homine
551 2041 613 2081 non
637 2019 775 2104 perfecto
797 2042 856 2084 nec
877 2020 1019 2104 sapiente
1032 2020 1158 2083 fervent

266 2101 450 2186 plerumque
472 2114 540 2167 est:
564 2103 636 2167 illae
659 2103 790 2168 virtutes
806 2105 924 2169 bonum
939 2105 1045 2171 virum
1057 2105 1158 2168 vident

265 2186 370 2335 potius
389 2188 556 2276 attingere.
603 2190 710 2275 Atque
732 2188 810 2254 haec
824 2191 857 2254 in
872 2191 1022 2255 moribus.
1067 2194 1120 2258 47.
1140 2191 1159 2256 Ι

289 2274 485 2338 enevolentia
505 2285 621 2352 autem,
646 2293 740 2360 quam
762 2276 896 2424 quisque
910 2276 1026 2341 habeat
1041 2299 1116 2364 erga
1134 2301 1159 2339 n«

265 2357 400 2442 primum
415 2360 493 2424 illud
508 2372 555 2425 est
570 2361 601 2425 in
618 2361 728 2439 officio,
741 2372 777 2425 ut
788 2362 817 2425 ei
865 2361 999 2425 urimum
1013 2361 1159 2426 tribuam:

265 2465 285 2507 a
306 2465 369 2528 quo
390 2445 560 2531 plurimum
581 2446 762 2534 diligimur:
787 2384 850 2511 sed
863 2447 1115 2512 benevolentiam
1138 2472 1159 2512 n

264 2527 570 2596 adolescentulorum
594 2555 681 2597 more
706 2533 815 2597 ardore
862 2533 976 2597 uodam
999 2534 1122 2611 amoris,
1148 2559 1159 2598 s

265 2614 437 2681 stabilitate
453 2619 557 2703 potius
566 2629 598 2683 et
614 2618 789 2684 constantia
800 2555 988 2704 judicemus.
1036 2619 1092 2682 Sin
1108 2643 1159 2684 eru

265 2701 385 2777 merita,
400 2714 435 2767 ut
449 2726 513 2767 non
528 2703 674 2782 ineunda,
686 2703 740 2768 sed
749 2703 909 2768 referenda
923 2705 964 2768 sit
978 2705 1088 2791 gratia,
1100 2707 1159 2792 maj

265 2786 418 2870 quaedam
440 2811 513 2854 cura
534 2788 711 2855 adhibenda
732 2799 798 2854 est:
822 2789 946 2855 nullum
966 2790 1049 2853 enim
1063 2791 1159 2855 officie

264 2871 423 2938 referenda
437 2875 540 2962 gratia
553 2876 656 2962 magis
668 2875 875 2940 necessarium
889 2886 947 2940 est.
991 2879 1043 2939 48.
1069 2876 1159 2950 Quod

264 2977 312 3034 aa,
336 2980 417 3044 quac
432 2960 550 3024 utenda
564 2961 730 3048 acceperis,
754 2961 871 3048 majore
892 2983 1047 3039 mensura,
1064 2963 1089 3025 si
1104 2985 1159 3026 mo.

263 3042 375 3128 possis,
395 3045 489 3131 jubet
509 3045 636 3110 reddere
661 3046 833 3112 Hesiodus³
844 3071 853 3124 ;
876 3047 1025 3132 quidnam
1045 3047 1159 3112 benefic

264 3130 426 3213 provocati
447 3133 548 3196 facere
566 3130 743 3198 debemus?
766 3133 820 3198 an⁴
833 3132 948 3197 imitari
964 3155 1054 3219 agros
1068 3133 1159 3199 fertile

264 3359 319 3400 tur:
330 3355 361 3400 cl.
369 3356 407 3401 21.
418 3354 708 3411 enumerandum..
753 3370 784 3412 u,
796 3356 913 3415 praeclare
924 3370 978 3401 cum
989 3356 1017 3402 iis
1025 3356 1104 3415 agitur.
1132 3354 1159 3418 (²)

263 3421 422 3472 concederent:
430 3429 454 3466 et
462 3420 500 3468 st.
513 3421 643 3476 183.‚eter't.
654 3422 714 3468 ,virr-
752 3435 774 3466 e.
786 3421 817 3466 ed
825 3421 1012 3468 benevolentiam
1023 3422 1081 3480 quod
1096 3423 1159 3468 attin«

263 3485 443 3537 centraddede
452 3486 490 3532 Or.
499 3485 523 3530 ii.
533 3487 571 3531 50.
580 3487 713 3541 203.,arbe'·
753 3499 774 3530 v.
788 3486 849 3532 Cort.
866 3487 896 3531 ad
914 3487 1008 3532 Sallust.
1027 3487 1050 3532 C.
1067 3489 1103 3532 ⁵1.
1121 3489 1156 3532 19.

263 3555 351 3596 trarer.
360 3551 550 3597 arbitrarentur.
562 3547 605 3613 (¹¹)
614 3551 673 3597 Vide
682 3551 712 3596 ad
753 3551 842 3610 Sclopp.
862 3552 964 3610 Suspect.
979 3551 1042 3598 beot.
1054 3565 1073 3596 r.
1085 3553 1120 3598 24.
1154 3556 1159 3608 l

264 3615 302 3661 tt.
311 3616 362 3660 15⁰.
368 3614 405 3660 isr.
416 3611 460 3675 (ι’)
469 3615 711 3662 Lenecessitudines:
747 3609 818 3679 Ἐςγ.
829 3630 850 3660 v.
861 3617 915 3662 349.
926 3630 990 3676 seqq.
1009 3616 1044 3662 Cf.
1058 3617 1124 3664 etlam
1144 3619 1159 3663 C

263 3680 309 3726 rid.
318 3679 419 3726 Cortad
428 3680 574 3740 epletadF.
585 3680 633 3725 xiii.
643 3681 680 3727 19.
693 3682 712 3728 l.
751 3681 855 3728 Brut-4.
871 3682 907 3726 1⁵.
943 3677 976 3742 (⁴)
987 3681 1005 3728 l.
1018 3696 1037 3726 e.
1048 3696 1076 3728 sn
1087 3697 1142 3728 non:

296 3745 348 3792 XV.
361 3741 392 3807 (¹)
404 3745 423 3791 1.
436 3759 458 3792 e.
471 3744 587 3806 inquibus
598 3745 617 3790 si
629 3753 684 3791 sunt
694 3759 712 3792 s.
753 3747 781 3794 de
793 3745 820 3794 F.
839 3761 860 3793 v.
881 3746 917 3792 14.
936 3746 974 3792 40.
996 3741 1046 3803 (ubl
1057 3761 1077 3793 r.
1090 3749 1159 3794 Madv?
