2472 4432
435 468 640 512 reuersum.
990 451 1006 516 7

65 618 204 682 alterne
219 617 317 682 libero
342 615 500 702 quidem.”
550 617 651 704 Vulg.
667 617 762 682 Alter
773 627 845 686 est.
863 665 871 681 .
891 663 897 680 .
914 619 1011 684 libero

67 707 112 782 (1.,
128 704 213 768 alter
228 726 268 768 me
282 705 405 768 homine
419 726 451 787 q.

112 794 166 938 313.
181 794 265 867 119.,
279 789 407 853 “multo
418 800 465 853 est
474 789 594 854 rationi
603 811 679 854 cura
690 792 791 878 major
801 788 1010 854 adhibenda.''

70 876 127 940 Vu
167 877 221 940 .ei
236 875 293 939 rei.

113 899 166 1026 365.
186 966 270 1038 130„
297 960 522 1025 “histrionum
537 959 682 1024 nonnulli
696 971 806 1047 gestus
821 964 1012 1046 ineptissimi

68 1071 134 1112 non
149 1058 266 1112 vacant
280 1047 480 1132 ‹ffeesiomess'
533 1047 634 1133 Vulg.
660 1050 790 1128 ineptiis
805 1069 867 1111 αοα
882 1058 1009 1126 vacarit,

70 1134 186 1198 omisso
202 1135 385 1219 offusione.
431 1132 488 1232 <In
504 1143 612 1197 nostra
623 1153 697 1196 vero
719 1133 855 1198 lectione
881 1155 921 1197 ne
941 1134 1012 1219 quis

70 1220 154 1284 dieat
168 1218 329 1283 abundare
340 1218 529 1305 adjectlvum
541 1222 741 1303 ineptissimi,
764 1219 848 1305 quia,
874 1219 928 1305 qui
940 1241 1022 1306 ges·

69 1318 121 1370 tus
132 1305 306 1368 maximam
316 1304 434 1369 habent
445 1303 648 1368 offensionem
661 1304 796 1390 (quippe
812 1315 936 1370 tantum
958 1305 1012 1370 de-

71 1391 169 1456 clarat
182 1389 322 1475 μείωαις,
345 1412 408 1455 mom
422 1389 566 1477 vacarit),
587 1413 652 1452 non
666 1391 789 1476 possint
804 1413 868 1455 non
882 1414 950 1455 esse
964 1391 1013 1455 in-

71 1477 235 1564 eptissimi,
254 1476 325 1541 vide
339 1475 377 1539 de
392 1475 484 1542 istius
499 1476 584 1540 modi
596 1476 894 1561 quasi-abundantia
914 1477 1011 1564 Wop-

70 1563 160 1627 kens.
177 1563 276 1628 Mise.
299 1562 392 1626 obss.
407 1563 491 1627 Nou.
507 1574 585 1626 tom.
601 1585 633 1625 x.
649 1584 681 1648 p.
698 1563 772 1630 272.
796 1574 829 1627 et
843 1564 928 1641 306..
953 1585 1013 1628 nos

71 1648 111 1713 ad
125 1652 164 1712 de
178 1651 260 1714 Nat.
281 1650 385 1712 Deor.
400 1647 422 1712 i.
439 1653 470 1711 2.
486 1653 517 1712 3.
565 1649 668 1734 Cujus
682 1647 808 1735 generis
819 1660 868 1714 est
883 1649 1012 1735 Euripi-

71 1734 165 1799 deum
181 1734 262 1799 illud
277 1735 407 1802 ἐναλίαν
421 1735 546 1812 πλάτην
561 1736 658 1818 (Hee.
675 1735 756 1818 39.),
771 1734 826 1798 ubi
840 1734 1012 1822 legendum

71 1831 178 1885 censet
197 1824 331 1886 Cresius
355 1823 494 1885 Probet.
514 1823 596 1885 Crit.
621 1842 653 1906 p.
674 1823 748 1888 259.
772 1821 911 1899 πλάνην,
937 1821 1013 1906 quia

71 1905 217 1971 videlicet
247 1915 462 1972 “terrestrem
488 1906 615 1992 quidem
641 1928 764 1969 remum
789 1907 970 1993 ignoremus
981 1907 1010 1973 1”

74 1993 118 2055 At
130 1993 223 2078 quale
238 1993 368 2056 tandem
383 2015 557 2079 oxymoron
570 2004 652 2056 esset
664 1991 803 2062 εὐθύνειν
818 1994 945 2072 πλάνην
955 1991 989 2079 P)

460 2140 556 2205 LIB.
574 2140 624 2204 11.

117 2273 164 2332 11.
172 2274 238 2346 39.,
251 2277 349 2333 “eam
359 2269 385 2333 si
395 2291 458 2334 non
469 2267 642 2346 habebunt,
654 2269 769 2350 injuste
779 2268 1011 2336 habebuntur.’'

72 2354 172 2441 Vulg.
190 2356 313 2436 injusti.

117 2445 164 2504 14.
179 2444 245 2518 48„
266 2449 287 2480 “
302 2441 394 2515 Quae
408 2452 515 2505 autem
537 2439 570 2503 in
582 2439 784 2504 multitudine
799 2463 873 2504 cum
884 2451 1013 2506 conten-

72 2526 155 2590 tione
166 2526 303 2590 habetur
318 2527 428 2604 oratio,
453 2549 489 2590 ea
514 2548 607 2611 saepe
631 2526 808 2590 universam
829 2527 947 2592 excitat
962 2550 1013 2592 eo·

72 2613 214 2676 remam.''
263 2611 364 2677 Codd.
380 2614 529 2694 pieriam.

116 2700 165 2762 16.
177 2700 246 2775 56.,
265 2706 286 2738 “
303 2698 413 2772 Quum
424 2696 607 2784 praesertim
623 2749 630 2763 .
648 2744 655 2759 .
671 2744 678 2761 .
694 2697 829 2783 ipsailla
843 2698 1012 2764 delectatio

72 2783 283 2849 multitudinis
297 2806 360 2850 riom
375 2788 524 2868 cupiatur
545 2787 611 2847 misi
633 2782 672 2846 ad
687 2783 782 2848 breve
797 2784 1013 2871 exiguumque

73 2881 206 2954 tempus,
231 2892 331 2956 eaque
346 2869 537 2936 alevissimo
552 2870 712 2955 quoque.'’
760 2869 860 2956 Vulg.
877 2875 933 2936 sit.

117 2961 164 3022 18.
184 2958 250 3033 61.,
276 2957 367 3042 “qui
381 2978 431 3020 res
446 2955 590 3020 meliores
602 2954 737 3042 quaerit,
754 2955 850 3020 nullis
865 2979 942 3020 ersus
963 2981 1012 3021 re-

74 3041 130 3106 bus
148 3041 299 3107 adversis.
349 3040 448 3128 Vulg.
463 3047 541 3106 suis.

454 3187 550 3252 LIB.
570 3188 637 3254 III.

112 3315 143 3377 6.
156 3318 221 3391 28„
249 3323 272 3353 “
282 3313 388 3379 omnia
401 3314 599 3380 incommoda
614 3317 718 3381 subire
735 3365 743 3380 .
761 3363 809 3393 ..‚
835 3340 916 3404 quae
930 3322 1014 3384 volet

71 3400 224 3484 justitia.'’
273 3400 339 3463 Vul
365 3447 373 3463 .
391 3409 413 3440 “
426 3423 507 3487 quae
521 3413 632 3466 vacent
643 3403 798 3488 justitia.'’

114 3487 145 3550 6.
161 3491 227 3563 31„
252 3423 375 3550 “meio
389 3485 450 3550 hoc
470 3487 516 3550 ita
530 3487 634 3565 faciat,
659 3500 695 3553 ut
719 3511 759 3553 ne
776 3536 784 3554 .
803 3536 811 3554 .
829 3537 837 3555 .
853 3489 935 3555 hane
955 3513 1013 3556 am-

74 3593 139 3636 sum
153 3571 271 3636 habeat
286 3571 325 3636 ad
340 3572 522 3658 injuriam.”
570 3572 671 3660 Vulg.
684 3597 824 3641 caesam.

114 3659 145 3724 6.
162 3661 228 3735 32„
254 3666 277 3698 ‘⁶
288 3657 391 3722 Nulla
401 3657 485 3721 enim
500 3661 589 3722 hortis
608 3660 739 3726 societas
754 3683 827 3726 cum
838 3661 1013 3748 tyrannis.”

77 3743 175 3831 Vulg.
191 3747 291 3809 mobis.

115 3829 145 3896 1.
170 3833 235 3908 34.,
263 3839 457 3918 “negatque
488 3830 587 3895 ullam
612 3844 734 3917 pestem
755 3835 906 3919 majorem
932 3876 1010 3910 ...,
