2472 4432
375 1089 719 1176 PRAEFATIO.

480 1333 618 1370 -4-

80 1531 116 1594 Sr
140 1553 251 1595 verum
273 1542 322 1596 est
344 1531 431 1610 illud,
456 1533 540 1619 quod
560 1533 608 1598 M.
627 1533 744 1598 Fabius
766 1530 889 1607 statuit,
905 1529 951 1593 ita
966 1529 1020 1592 de-

77 1659 164 1700 mum
187 1637 282 1703 licere
303 1639 398 1704 alicui
419 1662 476 1726 pro
492 1652 576 1706 certo
591 1639 708 1705 habere
723 1640 921 1726 aliquantum
937 1658 971 1701 se
986 1635 1019 1699 in

80 1743 205 1809 Latinis
219 1744 319 1810 literis
328 1747 506 1832 profecisse,
518 1749 544 1813 si
557 1748 648 1813 valde
656 1748 717 1834 ipsi
729 1748 842 1813 Cicero
853 1745 1017 1832 placuerit,

78 1874 135 1914 nae
161 1849 240 1914 mihi
266 1849 509 1938 haudquaquam
531 1866 579 1920 est
593 1855 770 1920 studiorum
784 1849 1018 1941 poenitendum.

82 1959 153 2036 Sed,
162 1959 418 2046 quomagismihi
427 1961 529 2047 placet
538 1962 601 2041 ille,
609 1962 753 2049 eomagis
763 1962 873 2047 utique
882 1955 975 2044 cupio
984 1956 1021 2019 li-

78 2065 140 2130 bris
150 2065 249 2151 ipsius
259 2065 457 2131 emendandis
466 2078 561 2153 atque
570 2067 756 2132 exornandis
768 2067 899 2143 efficere,
907 2076 942 2128 ut
948 2085 1021 2149 pos-

78 2170 118 2235 sit
131 2170 216 2234 idem
228 2171 329 2257 magis
340 2170 503 2255 aliquanto
514 2194 608 2258 opera
617 2192 688 2235 mea
696 2170 791 2235 etiam
801 2169 870 2233 aliis
880 2168 1018 2255 placere:

78 2275 108 2338 id
130 2275 217 2361 quod
237 2298 328 2363 spero
341 2278 409 2362 jam
427 2299 478 2340 me
497 2277 618 2363 aliquot
635 2277 668 2340 in
689 2276 776 2340 libris
789 2277 858 2362 ejus
870 2273 1020 2338 effecisse.

82 2379 194 2464 Itaque
215 2403 301 2446 nunc
323 2380 416 2445 etiam
439 2382 624 2465 Officiorum
647 2381 742 2446 libros
765 2403 834 2445 sum
850 2401 1020 2466 aggressus

79 2508 250 2551 recensere.
299 2487 361 2551 Sed
376 2486 470 2551 aliam
482 2487 651 2572 quamdam
662 2487 744 2552 viam
756 2499 852 2572 atque
867 2484 1022 2549 rationem

78 2593 110 2656 in
124 2593 174 2658 his
190 2605 343 2679 sequutus
358 2616 438 2671 sum,
456 2607 551 2681 atque
564 2595 598 2657 in
608 2595 679 2658 aliis
697 2594 845 2658 Auctoris
860 2591 1019 2678 operibuS,

78 2701 239 2786 quaejam
259 2723 279 2764 a
299 2723 350 2764 me
372 2700 517 2764 restituta
537 2700 728 2786 prodierunt.
776 2697 905 2785 Quippe
920 2697 1022 2784 magis

78 2804 109 2867 in
132 2805 197 2869 illis
219 2805 383 2870 doctorum
409 2804 553 2871 habenda
576 2817 643 2870 erat
665 2806 744 2870 ratio
757 2830 765 2882 ;
789 2807 822 2869 in
845 2803 895 2868 his
921 2804 1020 2882 libris,

79 2912 131 2996 qui
147 2913 238 2998 quasi
253 2913 372 2999 populo
386 2912 539 2977 lectorum
561 2924 635 2978 sunt
659 2914 811 2992 tradendi,
829 2912 1023 3000 populariter

79 3019 308 3104 quodammodo
324 3021 384 3084 fuit
393 3021 563 3108 agendum.
611 3023 724 3107 Itaque
735 3023 805 3099 etsi,
818 3043 916 3107 quum
927 3021 1024 3085 breve

78 3137 200 3213 tempus
224 3150 308 3191 anno
327 3133 416 3196 1839.
435 3128 572 3194 Londini
594 3153 810 3207 commorarer,
828 3128 1023 3194 occasionem

78 3233 192 3318 arripui
221 3232 261 3296 ad
287 3233 410 3298 codices
439 3247 501 3300 tres
528 3235 647 3322 Regios
675 3237 730 3318 (15
755 3233 1020 3312 AV1.,V111.‚

82 3335 187 3413 XX.;
211 3336 339 3401 eosdem
360 3338 489 3415 scilicet,
514 3360 594 3422 quos
620 3338 695 3401 olim
715 3336 900 3400 adhibuerat
925 3335 1022 3398 Pear-

79 3441 157 3528 cius)
174 3465 293 3530 magna
308 3465 348 3506 ex
363 3455 452 3530 parte
463 3443 667 3507 conferendos
682 3454 715 3506 et
730 3465 830 3528 nuper
844 3442 912 3527 ipse
927 3441 1022 3504 etiam

80 3549 195 3615 codicis
209 3573 291 3614 saec.
308 3549 411 3614 XIV.
424 3549 608 3614 nitidissime
620 3549 740 3612 calamo
752 3548 872 3613 exarati
887 3547 1023 3610 emtione

80 3676 149 3718 sum
173 3655 320 3720 dominus
346 3656 459 3733 factus,
487 3668 594 3720 tamen
619 3677 677 3718 nec
703 3653 846 3741 vestigiis
876 3652 1023 3734 antiquae

79 3761 250 3847 scripturae
273 3761 339 3826 sive
356 3760 609 3849 orthographiae,
628 3781 722 3845 quam
741 3761 859 3836 dicunt,
877 3755 1023 3821 insisten-
