2472 4432
412 406 489 470 LIB.
512 408 537 468 1.
559 408 651 470 CAP.
665 413 715 470 35.
995 414 1034 470 55

84 591 165 647 rere,
189 567 392 668 minimeque
406 589 473 632 esse
496 567 528 632 in
549 566 653 634 aliena
676 589 710 634 re
724 567 853 653 publica
867 568 1035 634 curiosum.

86 656 140 720 lta
164 655 233 720 fere
261 653 367 718 officra
396 652 597 740 reperientur,
630 676 730 739 quum
758 664 936 739 quaeretur,
961 655 1037 741 qnid

85 743 199 806 deceat
216 751 249 805 et
289 739 345 803 uid
359 750 469 825 aptum
481 739 523 804 sit
542 739 697 825 personis,
721 740 927 826 temporibus,
952 752 1038 806 aeta·

84 828 187 892 tibus.
235 825 279 890 N·
307 824 330 888 ‘l
355 835 540 924 astantem,
564 826 648 911 quod
668 837 734 891 tam
748 825 865 903 deceat,
890 848 985 912 quam
1003 828 1036 891 in

87 913 177 976 omni
197 935 233 975 re
253 910 396 998 gerenda
420 909 614 996 consihoque
639 911 792 999 capiendo
816 934 939 978 servare
962 935 1038 979 con-

85 999 252 1063 stantiam.

136 1083 306 1148 XXXV.
340 1083 411 1145 126.
442 1081 515 1159 Sed,
548 1082 697 1167 quoniam
720 1083 867 1148 decorum
894 1084 974 1149 illud
1002 1085 1036 1149 in

88 1171 239 1236 omnibus
254 1168 358 1246 factis,
383 1167 484 1245 dietis,
507 1168 540 1232 in
568 1168 706 1253 corporis
731 1168 866 1255 denique
891 1181 980 1236 motu
1005 1182 1037 1235 et

88 1269 178 1322 statu
194 1255 345 1331 cernitur,
369 1253 462 1338 idque
477 1253 615 1339 positum
627 1265 675 1318 est
688 1255 720 1318 in
733 1255 833 1320 tribus
848 1256 951 1335 rebus,
975 1257 1038 1321 for-

87 1343 249 1419 mositate,
263 1340 385 1418 ordine,
398 1351 508 1404 ornatu
523 1339 564 1404 ad
578 1339 733 1405 actionem
747 1354 833 1427 apto,
859 1341 1036 1408 difficilibus

90 1428 143 1493 ad¹
156 1425 382 1513 eloquendum,
406 1425 547 1490 sedeatis
558 1425 619 1490 erit
632 1426 790 1513 intelligi3
813 1428 845 1491 in
868 1427 916 1492 his
933 1439 1040 1494 autem

89 1513 195 1580 tribus
215 1510 410 1576 continetur²
435 1533 510 1576 cura
534 1510 630 1575 etiam
647 1512 711 1589 illa,
738 1523 774 1578 ut
796 1512 965 1598 probemur
986 1514 1035 1591 iis,

90 1599 286 1686 quibuscum
302 1596 387 1683 apud
412 1596 568 1683 quosque³
591 1597 753 1674 vivamus3
776 1597 825 1662 his
851 1621 976 1684 quoque
1000 1599 1038 1663 de

91 1684 188 1750 rebus
216 1705 322 1771 pauca
351 1682 504 1747 dicantur.
573 1682 734 1769 Principio
763 1685 900 1769 corporis
937 1686 1036 1749 nostri

91 1792 244 1858 magnam
255 1780 371 1832 natura
384 1768 453 1854 ipsa
467 1767 590 1832 videtur
604 1767 750 1834 habuisse
769 1773 939 1835 rationem:
956 1791 1037 1855 quae

93 1859 230 1921 formam
245 1864 387 1918 nostram
400 1854 615 1941 reliquamque
637 1854 783 1943 figuram,
807 1856 840 1918 in
867 1877 930 1940 qua
955 1868 1038 1920 esset

91 1943 215 2028 species
230 1938 375 2017 honesta,
399 1941 481 2004 eam⁴
496 1941 600 2025 posuit
614 1941 648 2004 in
663 1953 810 2027 promtu:
834 1963 915 2028 quae
957 1954 1038 2009 artes

92 2040 202 2093 autem
216 2025 358 2112 corporis
369 2025 408 2089 ad
423 2037 554 2090 naturae
568 2027 788 2092 necessitatem
803 2027 895 2093 datae
909 1963 1039 2114 adspec-

93 2127 163 2179 tum
188 2122 297 2177 essent
321 2110 490 2175 deformem
520 2111 684 2177 habiturae
709 2124 804 2199 atque
826 2125 962 2200 turpem,
986 2137 1039 2179 eas

94 2198 251 2264 contexit⁵
265 2209 362 2282 atque
377 2197 510 2261 abdidit.
559 2201 631 2266 127.
658 2199 752 2264 Hanc
764 2212 894 2264 naturae
909 2211 976 2264 tam
993 2200 1040 2264 di-

94 2286 249 2372 ligentem
269 2282 421 2347 fabricam
435 2283 559 2348 imitata
581 2298 630 2348 est
650 2284 812 2350 hominum
839 2285 1037 2352 verecundia.

98 2372 191 2446 Quae
204 2370 291 2434 enim
306 2378 418 2432 natura
433 2369 615 2448 occultavit,
640 2371 748 2434 eadem
760 2393 878 2448 omnes,
895 2371 951 2456 qui
963 2393 1039 2438 sana

95 2469 200 2521 mente
216 2467 304 2531 sunt,
328 2465 490 2518 removent
505 2455 544 2520 ab
559 2456 659 2521 oculis
669 2479 678 2532 3
701 2456 823 2543 ipsique
847 2457 1036 2536 necessitati,

96 2543 172 2608 dant
180 2562 322 2628 operam,
336 2551 372 2604 ut
386 2561 482 2624 quam
497 2541 709 2606 occultissime
724 2555 874 2628 pareant:
890 2564 1039 2628 quarum-

96 2651 157 2714 que
168 2628 310 2715 partium
326 2627 464 2711 corporis
477 2649 550 2690 usus
564 2639 638 2692 sunt
658 2629 844 2707 necessarii⁶,
869 2651 922 2693 eas
937 2652 1039 2716 neque

96 2728 201 2801 partes
216 2734 321 2797 neque
341 2733 447 2776 earum
464 2734 537 2778 usus
552 2713 630 2778 suis⁷
644 2713 825 2779 nominibus
855 2714 1037 2801 appellant3

98 2800 245 2886 quodque
260 2801 363 2862 t'aoere
388 2819 452 2860 non
467 2809 559 2884 turpe
574 2811 633 2877 est,
657 2801 751 2864 modo
776 2801 911 2878 occulte,
935 2801 967 2865 id
990 2801 1038 2866 di-

97 2909 166 2951 cere
182 2886 377 2950 obscoenum
392 2893 452 2946 est.
500 2884 614 2971 ltaque
629 2909 687 2950 nec
701 2886 783 2952 actio
798 2909 900 2950 rerum
914 2885 1039 2952 illarum

97 2983 206 3058 aperta
235 2968 413 3056 petulantia
439 2981 538 3047 vacat,
562 2992 621 3036 nec
645 2973 794 3037 orationis
820 2972 1037 3039 obscoenitas⁸.

97 3142 143 3188 tio:
154 3155 177 3185 v.
195 3140 228 3187 ad
240 3139 279 3185 22.
291 3136 331 3184 76.
343 3151 389 3197 spr.
591 3149 657 3186 turae
666 3143 822 3188 mcerrttotcm
833 3139 925 3187 datae.¹'
958 3135 993 3201 (⁷)
1003 3141 1039 3189 Cf.

129 3205 230 3252 XXXV.
246 3200 283 3265 (¹)
299 3202 353 3249 Vid.
366 3201 443 3247 Nirol.
456 3217 462 3248 τ
473 3201 506 3248 sic
516 3201 550 3248 iii.
590 3206 658 3252 aar.
674 3206 706 3251 ix.
725 3206 809 3262 22.1.,
828 3209 843 3231 “
851 3206 931 3252 Placet
950 3205 1040 3262 Stoicis,

99 3273 120 3316 6.
130 3272 168 3316 30.
180 3271 229 3324 isa,
241 3270 295 3314 “ad
308 3267 463 3328 judicandum
484 3268 550 3314 iacil—
589 3285 629 3316 sao
646 3285 763 3330 quamque
780 3286 829 3318 rem
847 3270 943 3318 nomine
960 3275 1041 3332 appel·

98 3335 176 3382 lima.”
211 3331 246 3396 (²)
259 3333 335 3379 Refer
346 3332 417 3378 etiam
427 3332 485 3378 haec
494 3347 550 3379 con·
590 3335 663 3381 lare.’'
696 3333 729 3397 (⁸)
743 3337 795 3382 Non
805 3351 885 3396 aeque,
897 3337 987 3396 opinor,
999 3352 1040 3398 pe·

98 3401 163 3446 tinno
173 3401 204 3447 ad
221 3398 359 3460 particulam
370 3399 482 3458 quoniam.
527 3394 550 3523 ³3
591 3400 693 3446 talantia
712 3401 822 3446 orationis
848 3409 884 3447 est
908 3411 978 3461 atque
1000 3405 1039 3447 'ac-

100 3466 127 3511 V.
137 3467 218 3512 Doctr.
231 3478 267 3510 nr.
282 3464 388 3522 Copalor.
406 3462 438 3508 iii.
460 3462 481 3508 7.
528 3463 538 3491 ⁴
591 3463 670 3510 tionis.
687 3466 776 3512 Tamen
786 3467 848 3512 nolus
858 3467 904 3515 Gu.
916 3467 956 3512 3.e
965 3467 1041 3522 codd,

100 3531 218 3577 Omittunt
245 3542 376 3590 pronomen
409 3527 495 3574 Graes.
527 3533 552 3572 et
592 3529 633 3588 qui
645 3530 722 3576 adhuc
740 3541 794 3577 sunt
813 3533 898 3589 collati,
912 3545 954 3576 aec
968 3534 1041 3577 oratio

100 3594 194 3649 Ῥείη.)
212 3596 349 3640 frustratu.
366 3606 408 3638 nos
423 3593 453 3638 ad
471 3591 504 3638 N.
519 3592 550 3637 D.
590 3594 764 3649 obsecratum,-
783 3611 830 3656 qua
854 3598 943 3643 ratione
969 3595 1041 3640 etiam

100 3661 124 3705 ii.
136 3661 216 3716 1122,
229 3657 334 3714 Madvig.
344 3658 373 3703 ad
381 3658 409 3703 de
416 3658 443 3703 F.
451 3672 473 3717 p.
482 3657 552 3711 650.;
590 3660 661 3719 paulo
673 3661 753 3707 durior
761 3661 851 3708 exsistit
862 3657 958 3720 genitivi
975 3671 1040 3714 usus,

101 3727 159 3772 adde
170 3726 208 3771 ifr.
222 3725 260 3769 38.
280 3723 332 3769 137.
366 3718 400 3783 (⁵)
418 3723 456 3768 Ci-
475 3720 551 3767 MD.
590 3727 770 3772 remmitlorum
780 3727 860 3770 oratio.
894 3725 1039 3781 ltaquecre·

102 3791 124 3836 ii.
137 3793 174 3836 56.
191 3789 243 3836 111.
279 3781 313 3849 (⁶)
324 3788 414 3847 Supra:
434 3785 488 3832 “ad
509 3797 551 3831 na·
592 3790 700 3848 uiderim,
710 3792 846 3837 Ciceronem
864 3788 888 3835 in
903 3789 946 3833 hoc
960 3799 1039 3845 poste-
