2450 4478
349 321 427 383 LIB.
445 323 502 383 111.
524 322 615 382 CAP.
636 323 683 380 21.
934 328 991 384 143

11 485 196 636 treguam}
230 505 272 548 an
307 481 443 547 hominis
475 482 602 570 figura¹⁷
637 483 866 549 immanitatem
902 497 993 573 gerat

9 573 67 638 be
90 593 162 636 uae

80 653 211 722 XXI.
239 654 355 729 Quid?
377 653 433 739 qui
447 654 553 719 omnia
568 665 654 720 recta
679 667 711 721 et
736 656 868 722 honesta
893 680 932 722 ne
956 657 994 720 li-

9 755 141 830 gunt,
169 740 344 806 dummodo
359 740 531 826 potentiam
542 754 784 827 consequantur,
797 765 901 808 nonne
911 680 994 808 idem

10 828 186 906 faciunt,
210 827 297 912 quod
319 825 369 903 is¹‚
393 826 448 911 qui
472 827 567 892 etiam
590 849 731 891 socerum
757 828 872 894 habere
895 829 996 894 voluit

16 914 150 993 eum‘,
177 913 272 999 cujus
285 911 353 998 ipse
364 911 493 976 audacia
508 924 620 998 potens
635 915 743 978 esset?
791 915 882 980 Utile
905 915 935 979 ei
949 915 996 979 vi-

18 1001 191 1066 debatur
206 998 376 1085 plurimum
391 1020 482 1084 posse
498 998 626 1062 alterius
651 998 792 1066 invidia³.
841 1001 879 1065 ld
902 1022 996 1085 quam

17 1089 214 1174 injustum
228 1084 263 1147 in
274 1082 415 1171 patriam,
439 1105 535 1168 quam
546 1083 669 1162 inutile,
694 1108 788 1170 quam
799 1099 890 1172 turpe
902 1098 995 1164 esset,

22 1195 113 1237 non
127 1169 274 1236 videbat.
322 1168 395 1255 Ipse
403 1180 510 1234 autem
518 1191 605 1234 socer
614 1169 646 1232 in
658 1193 711 1234 ore
720 1192 843 1258 semper
857 1171 997 1237 Graecos

26 1279 167 1324 versus
182 1255 236 1320 de⁴
254 1253 434 1319 Phoenissis
447 1254 596 1334 habebat,
621 1278 700 1341 quos
712 1257 813 1322 dicam
828 1269 864 1322 ut
875 1270 996 1344 potero,

28 1342 220 1410 incondite
232 1341 374 1418 fortasse,
398 1341 452 1406 sed
467 1350 582 1418 tamen,
608 1354 644 1405 ut
665 1365 714 1406 res
729 1343 828 1428 possit
839 1343 997 1432 intelligi:

218 1491 300 1551 Nom,
319 1487 499 1542 siviolandum
511 1486 609 1558 eatjua,
628 1489 755 1558 regrwudi
764 1490 857 1558 gratia

226 1558 379 1615 Violoadum
391 1565 446 1612 est:
465 1557 527 1612 aliis
538 1559 614 1612 rebus
623 1561 747 1629 pietatem
759 1559 838 1613 colna.

45 1691 220 1779 Capitalis
239 1689 386 1754 Eteocles
398 1689 447 1754 vel
458 1689 564 1777 potius
582 1689 759 1777 Euripides,
776 1689 832 1776 qui
842 1689 875 1753 id
890 1711 999 1767 unum,

45 1777 148 1864 quod
186 1780 328 1842 omnium
363 1774 637 1839 sceleratissimum
680 1776 785 1853 fuerit,
831 1775 1000 1862 exceperit.

47 1870 111 1928 83.
135 1862 225 1938 Quid
240 1861 338 1948 igitur
351 1860 473 1925 minuta
487 1861 675 1946 colligimuS,
699 1859 897 1939 hereditates,
922 1883 1002 1925 mer-

51 1962 200 2026 cataras,
225 1946 420 2012 venditiones
444 1945 685 2012 fraudulentas?
743 1948 827 2012 Ecce
854 1947 922 2027 tibi,
947 1948 1002 2033 qui

51 2060 118 2100 rex
133 2033 247 2122 populi
265 2032 400 2096 Romani
414 2031 620 2118 dominusque
630 2033 770 2098 omnium
780 2034 924 2121 gentium
935 2056 1002 2098 esse

55 2119 283 2206 concupiverit
307 2117 401 2204 idque
414 2117 591 2267 perfecerit.
637 2119 732 2183 Hanc
756 2119 960 2271 cupiditatem
977 2119 1005 2184 si

56 2208 233 2272 honestam
247 2204 317 2290 quis
332 2226 399 2268 esse

58 2315 143 2380 gum
168 2302 201 2355 et
225 2289 378 2355 libertatis
391 2288 564 2366 interitum,
589 2311 757 2375 earumque
772 2289 1005 2378 oppressionem

58 2390 182 2443 tetram
196 2386 230 2441 et
251 2374 468 2439 detestabilem
483 2374 651 2462 gloriosam
666 2387 769 2460 putat.
816 2377 882 2452 Qui
901 2387 1005 2440 autem

60 2467 196 2539 fatetur,
221 2460 389 2525 honestum
403 2483 467 2524 non
482 2482 550 2524 esse
563 2461 596 2524 in
608 2483 645 2524 ea
657 2461 795 2539 civitate,
813 2485 894 2548 quae
908 2461 1006 2526 libera

62 2549 141 2614 fuit⁵
168 2569 314 2636 quaeque
339 2568 407 2614 esse
433 2546 555 2623 debeat,
583 2568 725 2633 regnare,
749 2548 805 2612 sed
830 2548 871 2627 ei,
896 2547 1006 2634 quiid

64 2638 173 2701 facere
188 2633 299 2719 possit,
322 2655 390 2696 esse
404 2631 482 2696 utile
492 2655 501 2709 ;
524 2655 588 2717 qua
602 2631 687 2696 hunc
713 2633 932 2722 objurgatione
951 2645 1006 2698 aut

66 2744 134 2844 q)uo
149 2719 257 2806 potius
282 2717 425 2782 convicio
451 2740 471 2783 a
492 2728 581 2783 tanto
602 2739 704 2783 errore
726 2741 821 2784 coner
845 2720 1006 2785 avellere?

71 2809 88 2872 l
102 2818 187 2871 otest
202 2804 297 2882 enim,
322 2803 364 2868 dii
379 2802 569 2868 immortales
581 2805 590 2869 l
613 2803 761 2889 cuiquam
772 2828 839 2870 esse
853 2806 931 2871 utile
945 2806 1010 2869 foe-

69 2893 237 2958 dissimum
252 2902 285 2954 et
300 2889 494 2958 teterrimum
501 2889 714 3010 parricidium⁰
722 2892 854 2990 patriae,
868 2891 1009 2978 quamvis

70 2981 108 3054 is,
125 2979 183 3064 qui
198 2999 231 3040 se
247 2999 284 3040 eo
299 2974 500 3041 obstrinxerit
515 3021 525 3052 ‚
538 2975 578 3039 ab
592 2998 747 3063 oppressrs
757 2977 877 3042 civibus
892 2976 1010 3041 Parens

71 3063 280 3129 nominetur?
327 3061 503 3125 Honestate
522 3060 620 3148 igitur
634 3060 797 3148 dirigenda
811 3062 930 3126 utilitas
950 3073 1008 3139 est,

73 3149 248 3237 etquidem
261 3147 317 3226 sic,
341 3158 377 3211 ut
400 3144 478 3211 haec
492 3145 555 3210 duo
570 3145 666 3212 verbo
681 3148 763 3212 inter
777 3171 810 3213 se
822 3148 922 3212 discre
945 3170 1009 3224 are,

73 3259 108 3302 re
121 3249 230 3301 tamen
244 3254 343 3297 unum
357 3229 481 3297 sonare⁸
495 3230 669 3304 videantur.
713 3238 766 3299 84.
794 3233 868 3297 Non
884 3170 1009 3311 habeti),

435 2203 500 2281 icit,
524 2225 632 2268 amens
645 2218 710 2270 est:
734 2228 790 2291 pro
814 2205 944 2269 atenim
958 2195 1004 2269 le-

77 3413 166 3472 aliquot
176 3407 287 3471 conserat.
320 3404 363 3470 (¹⁷)
379 3407 399 3453 1.
415 3421 435 3453 e.
454 3420 528 3468 quum
567 3407 663 3454 Sauara
676 3406 753 3455 Mt.
782 3405 815 3470 (⁴)
828 3409 847 3454 l.
858 3422 879 3455 e.
891 3423 921 3455 ex
935 3408 1014 3455 sabula

79 3477 108 3524 sit
116 3476 220 3524 hominis
227 3473 303 3534 figuti
311 3491 316 3532 r
324 3486 467 3534 quamquam
475 3478 527 3532 pot·
568 3471 703 3531 Euripides.
712 3487 772 3532 quae
783 3474 923 3522 Phoenissae
932 3475 1014 3520 inscri-

14 3567 15 3578 κ
79 3537 455 3602 esetiamjungerefiguragerat.
489 3537 527 3583 ΑΙ.
566 3537 636 3583 bitur.
669 3531 702 3597 (⁵)
716 3537 799 3599 Margo
813 3541 881 3586 Bern.
894 3539 917 3586 8.
929 3535 1014 3598 firen't.

15 3629 16 3652 r
80 3610 104 3654 in
113 3609 135 3653 lr.
137 3604 170 3668 s..
182 3615 264 3666 utspr.
276 3606 299 3650 6.
311 3605 350 3650 82.
567 3597 601 3663 (⁶)
614 3599 744 3651 Vmerus
764 3605 794 3651 sd
813 3606 908 3652 Sallust.
926 3602 951 3648 0.
974 3602 1012 3646 31.

112 3673 179 3719 XXI.
200 3665 234 3732 (¹)
254 3669 387 3729 Pompeius,
423 3663 457 3730 (³)
469 3667 528 3716 Cac-
567 3682 585 3713 s.
597 3666 615 3711 l·
634 3662 667 3728 (⁷)
678 3665 712 3713 cf.
718 3684 763 3728 pro
774 3671 831 3716 Suu.
841 3671 862 3715 2.
875 3668 897 3714 7.
915 3663 948 3760 ς)
960 3665 1013 3711 Vid.

82 3751 163 3786 sarem.
189 3733 224 3798 (³)
238 3734 347 3783 Pascite:
366 3733 411 3780 rid.
424 3733 529 3780 Cortad
568 3731 671 3792 Madvig.
681 3732 711 3780 ad
722 3736 784 3783 des.
796 3749 818 3795 p.
832 3734 884 3780 144.
912 3729 1015 3790 (lvide
