<?xml version="1.0" encoding="UTF-8"?>
<!DOCTYPE html PUBLIC "-//W3C//DTD XHTML 1.0 Transitional//EN"
    "http://www.w3.org/TR/xhtml1/DTD/xhtml1-transitional.dtd">
<html xmlns="http://www.w3.org/1999/xhtml" xml:lang="en" lang="en">
 <head>
  <title>
</title>
<meta http-equiv="Content-Type" content="text/html;charset=utf-8" />
  <meta name='ocr-system' content='tesseract 3.04.00' />
  <meta name='ocr-capabilities' content='ocr_page ocr_carea ocr_par ocr_line ocrx_word'/>
</head>
<body>
  <div class='ocr_page' id='page_1' title='image "./deofficiislibri00allegoog_0033.png"; bbox 0 0 2472 4432; ppageno 0'>
   <div class='ocr_carea' id='block_1_1' title="bbox 266 355 866 418">
    <p class='ocr_par' dir='ltr' id='par_1_1' title="bbox 266 355 866 418">
     <span class='ocr_line' id='line_1_1' title="bbox 266 355 866 418; baseline 0 -2"><span class='ocrx_word' id='word_1_1' title='bbox 266 360 301 418; x_wconf 88' lang='lat'>16</span> <span class='ocrx_word' id='word_1_2' title='bbox 603 357 662 418; x_wconf 86' lang='lat' dir='ltr'>DE</span> <span class='ocrx_word' id='word_1_3' title='bbox 684 355 866 416; x_wconf 88' lang='lat' dir='ltr'>OFFICIIS</span> 
     </span>
    </p>
   </div>
   <div class='ocr_carea' id='block_1_2' title="bbox 260 515 1181 2640">
    <p class='ocr_par' dir='ltr' id='par_1_2' title="bbox 263 515 1179 1204">
     <span class='ocr_line' id='line_1_2' title="bbox 263 515 1168 602; baseline -0.004 -18"><span class='ocrx_word' id='word_1_4' title='bbox 263 519 368 584; x_wconf 90' lang='lat' dir='ltr'>locum</span> <span class='ocrx_word' id='word_1_5' title='bbox 389 516 536 594; x_wconf 86' lang='lat' dir='ltr'>venisset,</span> <span class='ocrx_word' id='word_1_6' title='bbox 553 538 626 580; x_wconf 90' lang='lat' dir='ltr'>cum</span> <span class='ocrx_word' id='word_1_7' title='bbox 640 515 782 601; x_wconf 87' lang='lat' dir='ltr'>utrisque</span> <span class='ocrx_word' id='word_1_8' title='bbox 796 516 966 602; x_wconf 89' lang='lat' dir='ltr'>separatim</span> <span class='ocrx_word' id='word_1_9' title='bbox 988 515 1168 594; x_wconf 87' lang='lat' dir='ltr'>locutum,</span> 
     </span>
     <span class='ocr_line' id='line_1_3' title="bbox 264 602 1178 750; baseline -0.003 -81"><span class='ocrx_word' id='word_1_10' title='bbox 264 603 375 692; x_wconf 89' lang='lat' dir='ltr'>cupide</span> <span class='ocrx_word' id='word_1_11' title='bbox 391 602 466 686; x_wconf 92' lang='lat' dir='ltr'>quid</span> <span class='ocrx_word' id='word_1_12' title='bbox 489 612 630 704; x_wconf 76' lang='lat' dir='ltr'>agerent,</span> <span class='ocrx_word' id='word_1_13' title='bbox 647 623 687 666; x_wconf 92' lang='lat' dir='ltr'>ne</span> <span class='ocrx_word' id='word_1_14' title='bbox 701 612 896 750; x_wconf 77' lang='lat' dir='ltr'>appetenter,</span> <span class='ocrx_word' id='word_1_15' title='bbox 914 613 1010 688; x_wconf 89' lang='lat' dir='ltr'>atque</span> <span class='ocrx_word' id='word_1_16' title='bbox 1027 613 1070 666; x_wconf 92' lang='lat' dir='ltr'>ut</span> <span class='ocrx_word' id='word_1_17' title='bbox 1088 625 1178 690; x_wconf 78' lang='lat' dir='ltr'>regn</span> 
     </span>
     <span class='ocr_line' id='line_1_4' title="bbox 263 686 1179 775; baseline 0 -23"><span class='ocrx_word' id='word_1_18' title='bbox 263 711 358 775; x_wconf 89' lang='lat' dir='ltr'>quam</span> <span class='ocrx_word' id='word_1_19' title='bbox 377 687 523 775; x_wconf 78' lang='lat' dir='ltr'>progredi</span> <span class='ocrx_word' id='word_1_20' title='bbox 544 686 685 752; x_wconf 85' lang='lat' dir='ltr'><strong>mallent.</strong></span> <span class='ocrx_word' id='word_1_21' title='bbox 750 687 771 751; x_wconf 95' lang='lat' dir='ltr'>d</span> <span class='ocrx_word' id='word_1_22' title='bbox 786 709 884 771; x_wconf 91' lang='lat' dir='ltr'>quum</span> <span class='ocrx_word' id='word_1_23' title='bbox 899 688 1027 774; x_wconf 90' lang='lat' dir='ltr'>utrique</span> <span class='ocrx_word' id='word_1_24' title='bbox 1044 688 1179 752; x_wconf 82' lang='lat' dir='ltr'>fecisse</span> 
     </span>
     <span class='ocr_line' id='line_1_5' title="bbox 264 771 1179 861; baseline -0.001 -22"><span class='ocrx_word' id='word_1_25' title='bbox 264 775 461 859; x_wconf 89' lang='lat' dir='ltr'>aliquantum</span> <span class='ocrx_word' id='word_1_26' title='bbox 480 773 549 861; x_wconf 85' lang='lat' dir='ltr'>agri</span> <span class='ocrx_word' id='word_1_27' title='bbox 562 772 596 836; x_wconf 87' lang='lat' dir='ltr'>ia</span> <span class='ocrx_word' id='word_1_28' title='bbox 619 771 722 836; x_wconf 90' lang='lat' dir='ltr'>medio</span> <span class='ocrx_word' id='word_1_29' title='bbox 736 772 880 837; x_wconf 90' lang='lat' dir='ltr'>relictum</span> <span class='ocrx_word' id='word_1_30' title='bbox 895 785 955 838; x_wconf 89' lang='lat' dir='ltr'>est.</span> <span class='ocrx_word' id='word_1_31' title='bbox 1003 773 1135 859; x_wconf 90' lang='lat' dir='ltr'>ltaque</span> <span class='ocrx_word' id='word_1_32' title='bbox 1151 774 1179 838; x_wconf 74' lang='lat' dir='ltr'>il}</span> 
     </span>
     <span class='ocr_line' id='line_1_6' title="bbox 264 857 1179 944; baseline 0.001 -21"><span class='ocrx_word' id='word_1_33' title='bbox 264 882 333 923; x_wconf 93' lang='lat' dir='ltr'>rum</span> <span class='ocrx_word' id='word_1_34' title='bbox 348 858 425 923; x_wconf 88' lang='lat' dir='ltr'>lines</span> <span class='ocrx_word' id='word_1_35' title='bbox 440 859 495 937; x_wconf 93' lang='lat' dir='ltr'>sic,</span> <span class='ocrx_word' id='word_1_36' title='bbox 512 870 548 923; x_wconf 93' lang='lat' dir='ltr'>ut</span> <span class='ocrx_word' id='word_1_37' title='bbox 560 857 619 944; x_wconf 92' lang='lat' dir='ltr'>ipsi</span> <span class='ocrx_word' id='word_1_38' title='bbox 633 857 809 935; x_wconf 79' lang='lat' dir='ltr'>dixerant¹²,</span> <span class='ocrx_word' id='word_1_39' title='bbox 827 859 1027 924; x_wconf 81' lang='lat' dir='ltr'><strong>terminavit:</strong></span> <span class='ocrx_word' id='word_1_40' title='bbox 1054 860 1094 923; x_wconf 89' lang='lat' dir='ltr'>in</span> <span class='ocrx_word' id='word_1_41' title='bbox 1111 883 1179 924; x_wconf 76' lang='lat' dir='ltr'>met</span> 
     </span>
     <span class='ocr_line' id='line_1_7' title="bbox 264 944 1179 1032; baseline 0.001 -24"><span class='ocrx_word' id='word_1_42' title='bbox 264 945 408 1010; x_wconf 88' lang='lat' dir='ltr'>relictum</span> <span class='ocrx_word' id='word_1_43' title='bbox 417 945 503 1030; x_wconf 87' lang='lat' dir='ltr'>quod</span> <span class='ocrx_word' id='word_1_44' title='bbox 514 959 591 1022; x_wconf 89' lang='lat' dir='ltr'>crat,</span> <span class='ocrx_word' id='word_1_45' title='bbox 604 944 721 1030; x_wconf 92' lang='lat' dir='ltr'>populo</span> <span class='ocrx_word' id='word_1_46' title='bbox 736 945 882 1009; x_wconf 88' lang='lat' dir='ltr'>Romano</span> <span class='ocrx_word' id='word_1_47' title='bbox 895 944 1110 1032; x_wconf 76' lang='lat' dir='ltr'><strong>adjudicavit.</strong></span> <span class='ocrx_word' id='word_1_48' title='bbox 1152 945 1179 1009; x_wconf 81' lang='grc' dir='ltr'>Ι</span> 
     </span>
     <span class='ocr_line' id='line_1_8' title="bbox 264 1029 1175 1116; baseline 0.002 -22"><span class='ocrx_word' id='word_1_49' title='bbox 264 1031 367 1116; x_wconf 87' lang='lat' dir='ltr'>cipere</span> <span class='ocrx_word' id='word_1_50' title='bbox 387 1029 473 1094; x_wconf 82' lang='lat' dir='ltr'>hoc¹³</span> <span class='ocrx_word' id='word_1_51' title='bbox 495 1030 622 1116; x_wconf 88' lang='lat' dir='ltr'>quidem</span> <span class='ocrx_word' id='word_1_52' title='bbox 644 1042 704 1111; x_wconf 87' lang='lat' dir='ltr'>est,</span> <span class='ocrx_word' id='word_1_53' title='bbox 726 1053 790 1095; x_wconf 92' lang='lat' dir='ltr'>non</span> <span class='ocrx_word' id='word_1_54' title='bbox 809 1030 963 1116; x_wconf 90' lang='lat' dir='ltr'>judicare.</span> <span class='ocrx_word' id='word_1_55' title='bbox 997 1030 1175 1104; x_wconf 83' lang='lat' dir='ltr'>Quocirca</span> 
     </span>
     <span class='ocr_line' id='line_1_9' title="bbox 266 1115 860 1204; baseline 0 -24"><span class='ocrx_word' id='word_1_56' title='bbox 266 1117 352 1181; x_wconf 91' lang='lat' dir='ltr'>omni</span> <span class='ocrx_word' id='word_1_57' title='bbox 366 1128 415 1181; x_wconf 85' lang='lat' dir='ltr'>est</span> <span class='ocrx_word' id='word_1_58' title='bbox 429 1139 462 1181; x_wconf 88' lang='lat' dir='ltr'>rc</span> <span class='ocrx_word' id='word_1_59' title='bbox 475 1116 624 1204; x_wconf 88' lang='lat' dir='ltr'>fugienda</span> <span class='ocrx_word' id='word_1_60' title='bbox 637 1117 710 1181; x_wconf 86' lang='lat' dir='ltr'>talis</span> <span class='ocrx_word' id='word_1_61' title='bbox 724 1115 860 1181; x_wconf 86' lang='lat' dir='ltr'>solertia.</span> 
     </span>
    </p>

    <p class='ocr_par' dir='ltr' id='par_1_3' title="bbox 260 1201 1181 2640">
     <span class='ocr_line' id='line_1_10' title="bbox 310 1201 1179 1288; baseline 0 -22"><span class='ocrx_word' id='word_1_62' title='bbox 310 1201 379 1266; x_wconf 89' lang='lat' dir='ltr'>XI.</span> <span class='ocrx_word' id='word_1_63' title='bbox 406 1203 488 1267; x_wconf 87' lang='lat' dir='ltr'>Sunt</span> <span class='ocrx_word' id='word_1_64' title='bbox 499 1214 604 1270; x_wconf 91' lang='lat' dir='ltr'>autem</span> <span class='ocrx_word' id='word_1_65' title='bbox 616 1203 770 1288; x_wconf 81' lang='lat' dir='ltr'>quaedam</span> <span class='ocrx_word' id='word_1_66' title='bbox 796 1201 899 1267; x_wconf 90' lang='lat' dir='ltr'>officia</span> <span class='ocrx_word' id='word_1_67' title='bbox 921 1201 1017 1267; x_wconf 89' lang='lat' dir='ltr'>etiam</span> <span class='ocrx_word' id='word_1_68' title='bbox 1041 1201 1179 1267; x_wconf 75' lang='lat' dir='ltr'>adversi</span> 
     </span>
     <span class='ocr_line' id='line_1_11' title="bbox 264 1287 1179 1376; baseline -0.001 -24"><span class='ocrx_word' id='word_1_69' title='bbox 264 1310 317 1352; x_wconf 86' lang='lat' dir='ltr'>eos</span> <span class='ocrx_word' id='word_1_70' title='bbox 332 1289 495 1368; x_wconf 88' lang='lat' dir='ltr'>servanda,</span> <span class='ocrx_word' id='word_1_71' title='bbox 512 1311 531 1354; x_wconf 90' lang='lat' dir='ltr'>a</span> <span class='ocrx_word' id='word_1_72' title='bbox 546 1289 661 1373; x_wconf 87' lang='lat' dir='ltr'>quibua</span> <span class='ocrx_word' id='word_1_73' title='bbox 674 1289 821 1376; x_wconf 89' lang='lat' dir='ltr'>injuriam</span> <span class='ocrx_word' id='word_1_74' title='bbox 831 1288 998 1373; x_wconf 89' lang='lat' dir='ltr'>acceperis.</span> <span class='ocrx_word' id='word_1_75' title='bbox 1049 1287 1115 1353; x_wconf 87' lang='lat' dir='ltr'>Est</span> <span class='ocrx_word' id='word_1_76' title='bbox 1128 1289 1179 1352; x_wconf 88' lang='lat' dir='ltr'>eni</span> 
     </span>
     <span class='ocr_line' id='line_1_12' title="bbox 265 1371 1179 1461; baseline 0 -25"><span class='ocrx_word' id='word_1_77' title='bbox 265 1373 436 1439; x_wconf 88' lang='lat' dir='ltr'>ulciscendi</span> <span class='ocrx_word' id='word_1_78' title='bbox 450 1387 482 1439; x_wconf 94' lang='lat' dir='ltr'>et</span> <span class='ocrx_word' id='word_1_79' title='bbox 497 1374 649 1461; x_wconf 90' lang='lat' dir='ltr'>puniendi</span> <span class='ocrx_word' id='word_1_80' title='bbox 658 1374 779 1439; x_wconf 88' lang='lat' dir='ltr'>modus.</span> <span class='ocrx_word' id='word_1_81' title='bbox 826 1375 934 1459; x_wconf 86' lang='lat' dir='ltr'>Atque</span> <span class='ocrx_word' id='word_1_82' title='bbox 957 1371 1043 1437; x_wconf 92' lang='lat' dir='ltr'>haud</span> <span class='ocrx_word' id='word_1_83' title='bbox 1067 1373 1179 1437; x_wconf 71' lang='lat' dir='ltr'>sci0²r</span> 
     </span>
     <span class='ocr_line' id='line_1_13' title="bbox 264 1459 1181 1546; baseline 0.001 -24"><span class='ocrx_word' id='word_1_84' title='bbox 264 1459 340 1524; x_wconf 88' lang='lat' dir='ltr'>satis</span> <span class='ocrx_word' id='word_1_85' title='bbox 355 1460 406 1537; x_wconf 93' lang='lat' dir='ltr'>sit,</span> <span class='ocrx_word' id='word_1_86' title='bbox 423 1483 506 1538; x_wconf 88' lang='lat' dir='ltr'>eum,</span> <span class='ocrx_word' id='word_1_87' title='bbox 524 1461 579 1545; x_wconf 91' lang='lat' dir='ltr'>qui</span> <span class='ocrx_word' id='word_1_88' title='bbox 587 1461 768 1537; x_wconf 87' lang='lat' dir='ltr'>lacessierit,</span> <span class='ocrx_word' id='word_1_89' title='bbox 785 1460 919 1546; x_wconf 89' lang='lat' dir='ltr'>injuriae</span> <span class='ocrx_word' id='word_1_90' title='bbox 933 1481 1009 1523; x_wconf 87' lang='lat' dir='ltr'>suae</span> <span class='ocrx_word' id='word_1_91' title='bbox 1024 1459 1181 1544; x_wconf 78' lang='lat' dir='ltr'>poenitet</span> 
     </span>
     <span class='ocr_line' id='line_1_14' title="bbox 264 1545 1180 1633; baseline -0.001 -24"><span class='ocrx_word' id='word_1_92' title='bbox 264 1556 301 1609; x_wconf 91' lang='lat' dir='ltr'>ut</span> <span class='ocrx_word' id='word_1_93' title='bbox 312 1557 344 1610; x_wconf 89' lang='lat' dir='ltr'>et</span> <span class='ocrx_word' id='word_1_94' title='bbox 358 1546 426 1631; x_wconf 82' lang='lat' dir='ltr'>ipsc</span> <span class='ocrx_word' id='word_1_95' title='bbox 442 1570 482 1612; x_wconf 94' lang='lat' dir='ltr'>ne</span> <span class='ocrx_word' id='word_1_96' title='bbox 497 1545 574 1632; x_wconf 89' lang='lat' dir='ltr'>quid</span> <span class='ocrx_word' id='word_1_97' title='bbox 589 1545 652 1610; x_wconf 89' lang='lat' dir='ltr'>tale</span> <span class='ocrx_word' id='word_1_98' title='bbox 666 1545 812 1633; x_wconf 79' lang='lat' dir='ltr'>posthac³</span> <span class='ocrx_word' id='word_1_99' title='bbox 839 1557 873 1610; x_wconf 90' lang='lat' dir='ltr'>et</span> <span class='ocrx_word' id='word_1_100' title='bbox 896 1545 991 1610; x_wconf 88' lang='lat' dir='ltr'>ceteri</span> <span class='ocrx_word' id='word_1_101' title='bbox 1014 1545 1080 1609; x_wconf 88' lang='lat' dir='ltr'>sint</span> <span class='ocrx_word' id='word_1_102' title='bbox 1105 1545 1149 1609; x_wconf 91' lang='lat' dir='ltr'>ad</span> <span class='ocrx_word' id='word_1_103' title='bbox 1165 1546 1180 1608; x_wconf 73' lang='lat' dir='ltr'>i:</span> 
     </span>
     <span class='ocr_line' id='line_1_15' title="bbox 260 1630 1180 1717; baseline 0 -23"><span class='ocrx_word' id='word_1_104' title='bbox 260 1631 392 1717; x_wconf 82' lang='lat' dir='ltr'>juriam³</span> <span class='ocrx_word' id='word_1_105' title='bbox 417 1632 578 1698; x_wconf 87' lang='lat' dir='ltr'>tardiores.</span> <span class='ocrx_word' id='word_1_106' title='bbox 622 1635 675 1696; x_wconf 86' lang='grc'><strong>34.</strong></span> <span class='ocrx_word' id='word_1_107' title='bbox 701 1632 808 1717; x_wconf 85' lang='lat' dir='ltr'>Atque</span> <span class='ocrx_word' id='word_1_108' title='bbox 823 1631 857 1695; x_wconf 91' lang='lat' dir='ltr'>in</span> <span class='ocrx_word' id='word_1_109' title='bbox 871 1653 904 1694; x_wconf 90' lang='lat' dir='ltr'>rc</span> <span class='ocrx_word' id='word_1_110' title='bbox 918 1630 1047 1717; x_wconf 90' lang='lat' dir='ltr'>publica</span> <span class='ocrx_word' id='word_1_111' title='bbox 1066 1632 1180 1694; x_wconf 84' lang='lat' dir='ltr'>maxin</span> 
     </span>
     <span class='ocr_line' id='line_1_16' title="bbox 266 1716 1180 1803; baseline -0.002 -21"><span class='ocrx_word' id='word_1_112' title='bbox 266 1719 478 1784; x_wconf 86' lang='lat' dir='ltr'>conservanda</span> <span class='ocrx_word' id='word_1_113' title='bbox 492 1729 566 1782; x_wconf 88' lang='lat' dir='ltr'>sunt</span> <span class='ocrx_word' id='word_1_114' title='bbox 584 1718 658 1803; x_wconf 89' lang='lat' dir='ltr'>jura</span> <span class='ocrx_word' id='word_1_115' title='bbox 675 1717 763 1782; x_wconf 88' lang='lat' dir='ltr'>belli.</span> <span class='ocrx_word' id='word_1_116' title='bbox 809 1717 905 1793; x_wconf 91' lang='lat' dir='ltr'>Nam,</span> <span class='ocrx_word' id='word_1_117' title='bbox 933 1738 1034 1801; x_wconf 91' lang='lat' dir='ltr'>quum</span> <span class='ocrx_word' id='word_1_118' title='bbox 1063 1716 1130 1780; x_wconf 89' lang='lat' dir='ltr'>sint</span> <span class='ocrx_word' id='word_1_119' title='bbox 1147 1717 1180 1780; x_wconf 88' lang='lat' dir='ltr'>dr</span> 
     </span>
     <span class='ocr_line' id='line_1_17' title="bbox 264 1801 1180 1889; baseline -0.002 -23"><span class='ocrx_word' id='word_1_120' title='bbox 264 1825 381 1889; x_wconf 84' lang='lat' dir='ltr'>genera</span> <span class='ocrx_word' id='word_1_121' title='bbox 396 1803 584 1880; x_wconf 87' lang='lat' dir='ltr'>decertandi,</span> <span class='ocrx_word' id='word_1_122' title='bbox 601 1825 700 1866; x_wconf 89' lang='lat' dir='ltr'>unum</span> <span class='ocrx_word' id='word_1_123' title='bbox 709 1825 765 1888; x_wconf 89' lang='lat' dir='ltr'>per</span> <span class='ocrx_word' id='word_1_124' title='bbox 775 1801 1045 1888; x_wconf 81' lang='lat' dir='ltr'>disceptationem,</span> <span class='ocrx_word' id='word_1_125' title='bbox 1069 1801 1180 1866; x_wconf 77' lang='lat' dir='ltr'>alteru:</span> 
     </span>
     <span class='ocr_line' id='line_1_18' title="bbox 263 1886 1180 1974; baseline 0.001 -23"><span class='ocrx_word' id='word_1_126' title='bbox 263 1889 412 1974; x_wconf 83' lang='lat' dir='ltr'>pervim3</span> <span class='ocrx_word' id='word_1_127' title='bbox 443 1909 604 1973; x_wconf 89' lang='lat' dir='ltr'>quumque</span> <span class='ocrx_word' id='word_1_128' title='bbox 618 1887 696 1951; x_wconf 90' lang='lat' dir='ltr'>illud</span> <span class='ocrx_word' id='word_1_129' title='bbox 710 1888 872 1974; x_wconf 89' lang='lat' dir='ltr'>proprium</span> <span class='ocrx_word' id='word_1_130' title='bbox 898 1889 939 1952; x_wconf 91' lang='lat' dir='ltr'>sit</span> <span class='ocrx_word' id='word_1_131' title='bbox 966 1886 1114 1964; x_wconf 88' lang='lat' dir='ltr'>hominis,</span> <span class='ocrx_word' id='word_1_132' title='bbox 1144 1888 1180 1952; x_wconf 78' lang='lat' dir='ltr'>h&lt;</span> 
     </span>
     <span class='ocr_line' id='line_1_19' title="bbox 268 1971 1180 2059; baseline 0.002 -23"><span class='ocrx_word' id='word_1_133' title='bbox 268 1974 447 2050; x_wconf 68' lang='lat' dir='ltr'>beluarum</span> <span class='ocrx_word' id='word_1_134' title='bbox 463 1971 708 2059; x_wconf 86' lang='lat' dir='ltr'>confugiendum</span> <span class='ocrx_word' id='word_1_135' title='bbox 732 1984 780 2037; x_wconf 90' lang='lat' dir='ltr'>est</span> <span class='ocrx_word' id='word_1_136' title='bbox 802 1973 841 2038; x_wconf 92' lang='lat' dir='ltr'>ad</span> <span class='ocrx_word' id='word_1_137' title='bbox 855 1974 1019 2058; x_wconf 82' lang='lat' dir='ltr'>posterius,</span> <span class='ocrx_word' id='word_1_138' title='bbox 1037 1973 1064 2036; x_wconf 93' lang='lat' dir='ltr'>si</span> <span class='ocrx_word' id='word_1_139' title='bbox 1079 1973 1126 2037; x_wconf 89' lang='lat' dir='ltr'>uti</span> <span class='ocrx_word' id='word_1_140' title='bbox 1142 1995 1180 2038; x_wconf 86' lang='lat' dir='ltr'>no</span> 
     </span>
     <span class='ocr_line' id='line_1_20' title="bbox 266 2058 1180 2144; baseline 0.001 -22"><span class='ocrx_word' id='word_1_141' title='bbox 266 2058 340 2124; x_wconf 94' lang='lat' dir='ltr'>licet</span> <span class='ocrx_word' id='word_1_142' title='bbox 354 2059 522 2144; x_wconf 88' lang='lat' dir='ltr'>superiore.</span> <span class='ocrx_word' id='word_1_143' title='bbox 567 2063 621 2122; x_wconf 80' lang='lat'>35.</span> <span class='ocrx_word' id='word_1_144' title='bbox 647 2058 753 2133; x_wconf 83' lang='lat' dir='ltr'>Quare</span> <span class='ocrx_word' id='word_1_145' title='bbox 767 2058 965 2143; x_wconf 88' lang='lat' dir='ltr'>suscipienda</span> <span class='ocrx_word' id='word_1_146' title='bbox 978 2058 1107 2144; x_wconf 90' lang='lat' dir='ltr'>quidem</span> <span class='ocrx_word' id='word_1_147' title='bbox 1122 2059 1180 2123; x_wconf 75' lang='lat' dir='ltr'>bell</span> 
     </span>
     <span class='ocr_line' id='line_1_21' title="bbox 266 2143 1180 2245; baseline 0 -37"><span class='ocrx_word' id='word_1_148' title='bbox 266 2145 389 2209; x_wconf 84' lang='lat' dir='ltr'>suntab</span> <span class='ocrx_word' id='word_1_149' title='bbox 405 2166 474 2209; x_wconf 89' lang='lat' dir='ltr'>eam</span> <span class='ocrx_word' id='word_1_150' title='bbox 489 2165 626 2221; x_wconf 87' lang='lat' dir='ltr'>causam,</span> <span class='ocrx_word' id='word_1_151' title='bbox 653 2156 689 2208; x_wconf 94' lang='lat' dir='ltr'>ut</span> <span class='ocrx_word' id='word_1_152' title='bbox 704 2143 770 2208; x_wconf 87' lang='lat' dir='ltr'>sine</span> <span class='ocrx_word' id='word_1_153' title='bbox 784 2143 901 2208; x_wconf 88' lang='lat' dir='ltr'>in&#39;uria&#39;</span> <span class='ocrx_word' id='word_1_154' title='bbox 913 2144 946 2207; x_wconf 90' lang='lat' dir='ltr'>in</span> <span class='ocrx_word' id='word_1_155' title='bbox 961 2167 1038 2245; x_wconf 86' lang='lat' dir='ltr'>pace</span> <span class='ocrx_word' id='word_1_156' title='bbox 1053 2144 1180 2209; x_wconf 87' lang='lat' dir='ltr'>vivatur</span> 
     </span>
     <span class='ocr_line' id='line_1_22' title="bbox 265 2167 1181 2315; baseline 0.003 -22"><span class='ocrx_word' id='word_1_157' title='bbox 265 2241 355 2314; x_wconf 89' lang='lat' dir='ltr'>parta</span> <span class='ocrx_word' id='word_1_158' title='bbox 369 2243 476 2296; x_wconf 88' lang='lat' dir='ltr'>autem</span> <span class='ocrx_word' id='word_1_159' title='bbox 491 2229 622 2295; x_wconf 88' lang='lat' dir='ltr'>victoria</span> <span class='ocrx_word' id='word_1_160' title='bbox 638 2167 854 2295; x_wconf 86' lang='lat' dir='ltr'>conservandi⁴</span> <span class='ocrx_word' id='word_1_161' title='bbox 863 2229 898 2308; x_wconf 88' lang='lat' dir='ltr'>ii,</span> <span class='ocrx_word' id='word_1_162' title='bbox 915 2252 971 2315; x_wconf 90' lang='lat' dir='ltr'>qur</span> <span class='ocrx_word' id='word_1_163' title='bbox 986 2252 1049 2292; x_wconf 90' lang='lat' dir='ltr'>non</span> <span class='ocrx_word' id='word_1_164' title='bbox 1063 2230 1181 2296; x_wconf 75' lang='lat' dir='ltr'>crudele</span> 
     </span>
     <span class='ocr_line' id='line_1_23' title="bbox 265 2316 1181 2400; baseline 0.004 -23"><span class='ocrx_word' id='word_1_165' title='bbox 265 2317 299 2378; x_wconf 91' lang='lat' dir='ltr'>in</span> <span class='ocrx_word' id='word_1_166' title='bbox 315 2317 408 2393; x_wconf 92' lang='lat' dir='ltr'>bello,</span> <span class='ocrx_word' id='word_1_167' title='bbox 439 2339 504 2379; x_wconf 91' lang='lat' dir='ltr'>non</span> <span class='ocrx_word' id='word_1_168' title='bbox 528 2316 679 2381; x_wconf 88' lang='lat' dir='ltr'>immanes</span> <span class='ocrx_word' id='word_1_169' title='bbox 707 2316 853 2393; x_wconf 85' lang='lat' dir='ltr'>fuerunt3</span> <span class='ocrx_word' id='word_1_170' title='bbox 883 2327 920 2380; x_wconf 92' lang='lat' dir='ltr'>ut</span> <span class='ocrx_word' id='word_1_171' title='bbox 948 2316 1080 2400; x_wconf 84' lang='lat' dir='ltr'>majores</span> <span class='ocrx_word' id='word_1_172' title='bbox 1102 2329 1181 2381; x_wconf 77' lang='lat' dir='ltr'>nostr</span> 
     </span>
     <span class='ocr_line' id='line_1_24' title="bbox 268 2400 1181 2487; baseline 0.002 -23"><span class='ocrx_word' id='word_1_173' title='bbox 268 2401 479 2479; x_wconf 87' lang='lat' dir='ltr'>Tusculanos,</span> <span class='ocrx_word' id='word_1_174' title='bbox 497 2403 640 2487; x_wconf 87' lang='lat' dir='ltr'>Aequos,</span> <span class='ocrx_word' id='word_1_175' title='bbox 658 2402 803 2479; x_wconf 89' lang='lat' dir='ltr'>Volscos,</span> <span class='ocrx_word' id='word_1_176' title='bbox 823 2401 967 2477; x_wconf 87' lang='lat' dir='ltr'>Sabinos,</span> <span class='ocrx_word' id='word_1_177' title='bbox 994 2400 1146 2465; x_wconf 84' lang='lat' dir='ltr'>Hernicos</span> <span class='ocrx_word' id='word_1_178' title='bbox 1169 2403 1181 2466; x_wconf 91' lang='lat' dir='ltr'>i</span> 
     </span>
     <span class='ocr_line' id='line_1_25' title="bbox 268 2485 1181 2574; baseline 0.002 -24"><span class='ocrx_word' id='word_1_179' title='bbox 268 2487 429 2553; x_wconf 88' lang='lat' dir='ltr'>civitatem</span> <span class='ocrx_word' id='word_1_180' title='bbox 443 2488 538 2552; x_wconf 90' lang='lat' dir='ltr'>etiam</span> <span class='ocrx_word' id='word_1_181' title='bbox 552 2500 763 2574; x_wconf 89' lang='lat' dir='ltr'>acceperunt:</span> <span class='ocrx_word' id='word_1_182' title='bbox 785 2502 817 2553; x_wconf 90' lang='lat' dir='ltr'>at</span> <span class='ocrx_word' id='word_1_183' title='bbox 844 2485 1069 2573; x_wconf 83' lang='lat' dir='ltr'>Carthaginem</span> <span class='ocrx_word' id='word_1_184' title='bbox 1083 2499 1114 2551; x_wconf 89' lang='lat' dir='ltr'>ct</span> <span class='ocrx_word' id='word_1_185' title='bbox 1130 2487 1181 2552; x_wconf 86' lang='lat' dir='ltr'>Nu</span> 
     </span>
     <span class='ocr_line' id='line_1_26' title="bbox 266 2572 1180 2640; baseline 0 -4"><span class='ocrx_word' id='word_1_186' title='bbox 266 2573 416 2638; x_wconf 86' lang='lat' dir='ltr'>mantiam</span> <span class='ocrx_word' id='word_1_187' title='bbox 440 2574 582 2640; x_wconf 83' lang='lat' dir='ltr'>funditus</span> <span class='ocrx_word' id='word_1_188' title='bbox 605 2574 819 2640; x_wconf 82' lang='lat' dir='ltr'>sustulerunt:</span> <span class='ocrx_word' id='word_1_189' title='bbox 845 2572 964 2638; x_wconf 90' lang='lat' dir='ltr'>nollem</span> <span class='ocrx_word' id='word_1_190' title='bbox 995 2572 1180 2637; x_wconf 89' lang='lat' dir='ltr'>Corinthum</span> 
     </span>
    </p>
   </div>
   <div class='ocr_carea' id='block_1_3' title="bbox 267 2745 1181 3786">
    <p class='ocr_par' dir='ltr' id='par_1_4' title="bbox 267 2745 1181 3005">
     <span class='ocr_line' id='line_1_27' title="bbox 267 2745 1181 2809; baseline 0.002 -15"><span class='ocrx_word' id='word_1_191' title='bbox 267 2745 311 2809; x_wconf 58' lang='grc' dir='ltr'>(η)</span> <span class='ocrx_word' id='word_1_192' title='bbox 319 2749 412 2796; x_wconf 79' lang='lat' dir='ltr'>Saesse</span> <span class='ocrx_word' id='word_1_193' title='bbox 419 2749 590 2804; x_wconf 62' lang='lat' dir='ltr'>terminandam</span> <span class='ocrx_word' id='word_1_194' title='bbox 602 2750 714 2804; x_wconf 78' lang='lat' dir='ltr'>nimirum</span> <span class='ocrx_word' id='word_1_195' title='bbox 753 2750 822 2796; x_wconf 85' lang='lat' dir='ltr'>simul</span> <span class='ocrx_word' id='word_1_196' title='bbox 833 2757 859 2795; x_wconf 91' lang='lat' dir='ltr'>ct</span> <span class='ocrx_word' id='word_1_197' title='bbox 870 2749 928 2795; x_wconf 88' lang='lat' dir='ltr'>illud</span> <span class='ocrx_word' id='word_1_198' title='bbox 939 2747 1113 2807; x_wconf 78' lang='lat' dir='ltr'>intelligendum</span> <span class='ocrx_word' id='word_1_199' title='bbox 1123 2749 1181 2796; x_wconf 88' lang='lat' dir='ltr'>relin</span> 
     </span>
     <span class='ocr_line' id='line_1_28' title="bbox 269 2811 1181 2876; baseline 0.002 -18"><span class='ocrx_word' id='word_1_200' title='bbox 269 2814 372 2860; x_wconf 83' lang='lat' dir='ltr'>Labeoni</span> <span class='ocrx_word' id='word_1_201' title='bbox 390 2817 586 2875; x_wconf 81' lang='lat' dir='ltr'>obtemperantes.</span> <span class='ocrx_word' id='word_1_202' title='bbox 619 2811 663 2876; x_wconf 58' lang='grc' dir='ltr'>(Β)</span> <span class='ocrx_word' id='word_1_203' title='bbox 677 2815 714 2861; x_wconf 80' lang='lat' dir='ltr'>Cf.</span> <span class='ocrx_word' id='word_1_204' title='bbox 753 2816 811 2875; x_wconf 88' lang='lat' dir='ltr'>quit,</span> <span class='ocrx_word' id='word_1_205' title='bbox 823 2829 889 2873; x_wconf 85' lang='lat' dir='ltr'>posse</span> <span class='ocrx_word' id='word_1_206' title='bbox 900 2815 926 2859; x_wconf 90' lang='lat' dir='ltr'>ia</span> <span class='ocrx_word' id='word_1_207' title='bbox 936 2812 1065 2860; x_wconf 77' lang='lat' dir='ltr'>crudelibus</span> <span class='ocrx_word' id='word_1_208' title='bbox 1075 2821 1142 2873; x_wconf 86' lang='lat' dir='ltr'>atquc</span> <span class='ocrx_word' id='word_1_209' title='bbox 1150 2815 1181 2861; x_wconf 89' lang='lat' dir='ltr'>irn</span> 
     </span>
     <span class='ocr_line' id='line_1_29' title="bbox 267 2877 1181 2941; baseline 0.002 -17"><span class='ocrx_word' id='word_1_210' title='bbox 267 2879 295 2924; x_wconf 86' lang='lat' dir='ltr'>dc</span> <span class='ocrx_word' id='word_1_211' title='bbox 307 2878 350 2926; x_wconf 71' lang='lat' dir='ltr'>aa.</span> <span class='ocrx_word' id='word_1_212' title='bbox 363 2880 401 2925; x_wconf 84' lang='lat'>20.</span> <span class='ocrx_word' id='word_1_213' title='bbox 413 2879 462 2936; x_wconf 79' lang='lat'>46,</span> <span class='ocrx_word' id='word_1_214' title='bbox 482 2881 592 2940; x_wconf 87' lang='lat' dir='ltr'>“Optare</span> <span class='ocrx_word' id='word_1_215' title='bbox 605 2881 647 2927; x_wconf 81' lang='lat' dir='ltr'>bec</span> <span class='ocrx_word' id='word_1_216' title='bbox 662 2882 713 2941; x_wconf 81' lang='lat' dir='ltr'>qui·</span> <span class='ocrx_word' id='word_1_217' title='bbox 753 2881 862 2926; x_wconf 85' lang='lat' dir='ltr'>manibus</span> <span class='ocrx_word' id='word_1_218' title='bbox 884 2879 934 2924; x_wconf 86' lang='lat' dir='ltr'>sinc</span> <span class='ocrx_word' id='word_1_219' title='bbox 951 2877 1124 2936; x_wconf 83' lang='lat' dir='ltr'>reprehensione</span> <span class='ocrx_word' id='word_1_220' title='bbox 1143 2893 1181 2926; x_wconf 85' lang='lat' dir='ltr'>sae</span> 
     </span>
     <span class='ocr_line' id='line_1_30' title="bbox 268 2943 1181 3005; baseline 0.002 -15"><span class='ocrx_word' id='word_1_221' title='bbox 268 2945 319 2990; x_wconf 74' lang='lat' dir='ltr'>dem</span> <span class='ocrx_word' id='word_1_222' title='bbox 330 2953 373 3000; x_wconf 86' lang='lat' dir='ltr'>est,</span> <span class='ocrx_word' id='word_1_223' title='bbox 385 2959 433 2992; x_wconf 90' lang='lat' dir='ltr'>non</span> <span class='ocrx_word' id='word_1_224' title='bbox 447 2944 574 3004; x_wconf 86' lang='lat' dir='ltr'>disputare.</span> <span class='ocrx_word' id='word_1_225' title='bbox 757 2945 800 2990; x_wconf 89' lang='lat' dir='ltr'>viri</span> <span class='ocrx_word' id='word_1_226' title='bbox 808 2946 895 3005; x_wconf 82' lang='lat' dir='ltr'>jusque</span> <span class='ocrx_word' id='word_1_227' title='bbox 906 2950 1036 2990; x_wconf 87' lang='lat' dir='ltr'>extremum</span> <span class='ocrx_word' id='word_1_228' title='bbox 1056 2943 1106 2989; x_wconf 88' lang='lat' dir='ltr'>belli</span> <span class='ocrx_word' id='word_1_229' title='bbox 1127 2958 1181 2992; x_wconf 87' lang='lat' dir='ltr'>exer</span> 
     </span>
    </p>

    <p class='ocr_par' dir='ltr' id='par_1_5' title="bbox 267 3005 1181 3786">
     <span class='ocr_line' id='line_1_31' title="bbox 300 3005 1181 3070; baseline -0.006 -16"><span class='ocrx_word' id='word_1_230' title='bbox 300 3007 344 3055; x_wconf 87' lang='lat' dir='ltr'>Xl.</span> <span class='ocrx_word' id='word_1_231' title='bbox 362 3005 395 3070; x_wconf 89' lang='lat'>(¹)</span> <span class='ocrx_word' id='word_1_232' title='bbox 408 3009 427 3054; x_wconf 90' lang='lat'>1.</span> <span class='ocrx_word' id='word_1_233' title='bbox 440 3023 460 3054; x_wconf 89' lang='lat' dir='ltr'>e.</span> <span class='ocrx_word' id='word_1_234' title='bbox 472 3024 540 3070; x_wconf 77' lang='lat' dir='ltr'>erga:</span> <span class='ocrx_word' id='word_1_235' title='bbox 552 3010 584 3054; x_wconf 86' lang='lat' dir='ltr'>cf.</span> <span class='ocrx_word' id='word_1_236' title='bbox 608 3009 646 3056; x_wconf 93' lang='grc'><strong>13.</strong></span> <span class='ocrx_word' id='word_1_237' title='bbox 668 3009 717 3066; x_wconf 82' lang='grc'><strong>41.,</strong></span> <span class='ocrx_word' id='word_1_238' title='bbox 756 3009 803 3056; x_wconf 87' lang='lat' dir='ltr'>ceri</span> <span class='ocrx_word' id='word_1_239' title='bbox 814 3025 821 3054; x_wconf 74' lang='lat' dir='ltr'>r</span> <span class='ocrx_word' id='word_1_240' title='bbox 832 3009 912 3068; x_wconf 83' lang='lat' dir='ltr'>itaqua</span> <span class='ocrx_word' id='word_1_241' title='bbox 923 3008 999 3068; x_wconf 82' lang='lat' dir='ltr'>pergit</span> <span class='ocrx_word' id='word_1_242' title='bbox 1008 3006 1066 3054; x_wconf 86' lang='lat' dir='ltr'>int&#39;ra</span> <span class='ocrx_word' id='word_1_243' title='bbox 1076 3007 1181 3068; x_wconf 86' lang='lat' dir='ltr'>utriusqu</span> 
     </span>
     <span class='ocr_line' id='line_1_32' title="bbox 268 3071 1181 3137; baseline 0.002 -19"><span class='ocrx_word' id='word_1_244' title='bbox 268 3073 307 3118; x_wconf 81' lang='lat'>28.</span> <span class='ocrx_word' id='word_1_245' title='bbox 320 3075 360 3120; x_wconf 87' lang='grc'><strong>98.</strong></span> <span class='ocrx_word' id='word_1_246' title='bbox 369 3083 393 3121; x_wconf 89' lang='lat' dir='ltr'>et</span> <span class='ocrx_word' id='word_1_247' title='bbox 404 3073 442 3120; x_wconf 83' lang='grc'><strong>99.</strong></span> <span class='ocrx_word' id='word_1_248' title='bbox 454 3074 493 3120; x_wconf 87' lang='lat' dir='ltr'>ifr.</span> <span class='ocrx_word' id='word_1_249' title='bbox 527 3071 561 3137; x_wconf 77' lang='lat'>(²)</span> <span class='ocrx_word' id='word_1_250' title='bbox 579 3074 598 3120; x_wconf 92' lang='lat'>1.</span> <span class='ocrx_word' id='word_1_251' title='bbox 621 3089 641 3120; x_wconf 89' lang='lat' dir='ltr'>e.</span> <span class='ocrx_word' id='word_1_252' title='bbox 664 3074 717 3120; x_wconf 85' lang='lat' dir='ltr'>dix·</span> <span class='ocrx_word' id='word_1_253' title='bbox 756 3073 1009 3132; x_wconf 85' lang='lat' dir='ltr'>relexemplaafferre.</span> <span class='ocrx_word' id='word_1_254' title='bbox 1041 3072 1109 3118; x_wconf 82' lang='lat' dir='ltr'>Etsic</span> <span class='ocrx_word' id='word_1_255' title='bbox 1123 3073 1181 3120; x_wconf 88' lang='lat' dir='ltr'>etian</span> 
     </span>
     <span class='ocr_line' id='line_1_33' title="bbox 267 3135 1181 3199; baseline 0.003 -17"><span class='ocrx_word' id='word_1_256' title='bbox 267 3138 326 3184; x_wconf 85' lang='lat' dir='ltr'>erim</span> <span class='ocrx_word' id='word_1_257' title='bbox 338 3154 382 3198; x_wconf 83' lang='lat' dir='ltr'>ego</span> <span class='ocrx_word' id='word_1_258' title='bbox 394 3139 504 3199; x_wconf 85' lang='lat' dir='ltr'>quidem:</span> <span class='ocrx_word' id='word_1_259' title='bbox 517 3141 546 3186; x_wconf 85' lang='lat' dir='ltr'>ct&#39;.</span> <span class='ocrx_word' id='word_1_260' title='bbox 558 3139 597 3185; x_wconf 79' lang='grc'><strong>21.</strong></span> <span class='ocrx_word' id='word_1_261' title='bbox 615 3137 663 3196; x_wconf 83' lang='lat' dir='ltr'>ta,</span> <span class='ocrx_word' id='word_1_262' title='bbox 683 3139 720 3186; x_wconf 83' lang='lat' dir='ltr'>iii.</span> <span class='ocrx_word' id='word_1_263' title='bbox 755 3139 795 3186; x_wconf 74' lang='lat' dir='ltr'>ilr.</span> <span class='ocrx_word' id='word_1_264' title='bbox 807 3139 845 3184; x_wconf 82' lang='lat'>28.</span> <span class='ocrx_word' id='word_1_265' title='bbox 857 3135 905 3194; x_wconf 74' lang='lat'>97..</span> <span class='ocrx_word' id='word_1_266' title='bbox 916 3138 973 3197; x_wconf 88' lang='lat' dir='ltr'>quid</span> <span class='ocrx_word' id='word_1_267' title='bbox 984 3139 1014 3183; x_wconf 86' lang='lat' dir='ltr'>sit</span> <span class='ocrx_word' id='word_1_268' title='bbox 1023 3137 1181 3198; x_wconf 77' lang='lat' dir='ltr'>decorumapur</span> 
     </span>
     <span class='ocr_line' id='line_1_34' title="bbox 268 3203 1181 3264; baseline 0.003 -17"><span class='ocrx_word' id='word_1_269' title='bbox 268 3203 292 3248; x_wconf 83' lang='lat'>2.</span> <span class='ocrx_word' id='word_1_270' title='bbox 304 3206 325 3252; x_wconf 84' lang='lat'>6.</span> <span class='ocrx_word' id='word_1_271' title='bbox 338 3204 389 3251; x_wconf 79' lang='lat' dir='ltr'>isa:</span> <span class='ocrx_word' id='word_1_272' title='bbox 408 3203 454 3250; x_wconf 87' lang='lat' dir='ltr'>vid.</span> <span class='ocrx_word' id='word_1_273' title='bbox 466 3205 496 3250; x_wconf 92' lang='lat' dir='ltr'>de</span> <span class='ocrx_word' id='word_1_274' title='bbox 508 3204 552 3251; x_wconf 81' lang='lat' dir='ltr'>hec</span> <span class='ocrx_word' id='word_1_275' title='bbox 563 3203 664 3252; x_wconf 79' lang='lat' dir='ltr'>formula</span> <span class='ocrx_word' id='word_1_276' title='bbox 674 3219 716 3251; x_wconf 82' lang='lat' dir='ltr'>ex·</span> <span class='ocrx_word' id='word_1_277' title='bbox 756 3203 1181 3264; x_wconf 72' lang='lat' dir='ltr'>politae,quumaffirmative,tumetian</span> 
     </span>
     <span class='ocr_line' id='line_1_35' title="bbox 267 3267 1181 3328; baseline 0 -14"><span class='ocrx_word' id='word_1_278' title='bbox 267 3283 327 3316; x_wconf 88' lang='lat' dir='ltr'>curs.</span> <span class='ocrx_word' id='word_1_279' title='bbox 338 3271 401 3328; x_wconf 77' lang='lat' dir='ltr'>Aug.</span> <span class='ocrx_word' id='word_1_280' title='bbox 409 3269 532 3326; x_wconf 79' lang='lat' dir='ltr'>Matthiae,</span> <span class='ocrx_word' id='word_1_281' title='bbox 544 3269 572 3316; x_wconf 88' lang='lat' dir='ltr'>V.</span> <span class='ocrx_word' id='word_1_282' title='bbox 581 3270 617 3326; x_wconf 81' lang='lat'>0,</span> <span class='ocrx_word' id='word_1_283' title='bbox 626 3268 656 3314; x_wconf 89' lang='lat' dir='ltr'>ad</span> <span class='ocrx_word' id='word_1_284' title='bbox 669 3269 717 3316; x_wconf 78' lang='lat' dir='ltr'>Cic.</span> <span class='ocrx_word' id='word_1_285' title='bbox 756 3270 862 3328; x_wconf 77' lang='lat' dir='ltr'>negative</span> <span class='ocrx_word' id='word_1_286' title='bbox 874 3268 985 3316; x_wconf 81' lang='lat' dir='ltr'>declarat.</span> <span class='ocrx_word' id='word_1_287' title='bbox 1004 3267 1036 3314; x_wconf 82' lang='lat' dir='ltr'>ci.</span> <span class='ocrx_word' id='word_1_288' title='bbox 1047 3275 1069 3313; x_wconf 89' lang='lat' dir='ltr'>et</span> <span class='ocrx_word' id='word_1_289' title='bbox 1087 3267 1140 3314; x_wconf 85' lang='lat' dir='ltr'>illud</span> <span class='ocrx_word' id='word_1_290' title='bbox 1148 3284 1181 3328; x_wconf 79' lang='lat' dir='ltr'>pa</span> 
     </span>
     <span class='ocr_line' id='line_1_36' title="bbox 267 3330 1179 3395; baseline 0 -15"><span class='ocrx_word' id='word_1_291' title='bbox 267 3331 344 3394; x_wconf 78' lang='lat' dir='ltr'>Epist.</span> <span class='ocrx_word' id='word_1_292' title='bbox 356 3335 397 3380; x_wconf 80' lang='lat'>96.</span> <span class='ocrx_word' id='word_1_293' title='bbox 408 3334 430 3380; x_wconf 89' lang='grc'><strong>3.</strong></span> <span class='ocrx_word' id='word_1_294' title='bbox 464 3330 498 3395; x_wconf 84' lang='lat'>(³)</span> <span class='ocrx_word' id='word_1_295' title='bbox 516 3333 575 3381; x_wconf 85' lang='lat' dir='ltr'>Puta</span> <span class='ocrx_word' id='word_1_296' title='bbox 591 3333 716 3380; x_wconf 80' lang='lat' dir='ltr'>admittat:</span> <span class='ocrx_word' id='word_1_297' title='bbox 755 3333 822 3382; x_wconf 83' lang='lat' dir='ltr'>Rorc.</span> <span class='ocrx_word' id='word_1_298' title='bbox 834 3335 885 3380; x_wconf 84' lang='lat' dir='ltr'>Am.</span> <span class='ocrx_word' id='word_1_299' title='bbox 897 3334 936 3380; x_wconf 78' lang='lat'>45.</span> <span class='ocrx_word' id='word_1_300' title='bbox 951 3332 1012 3388; x_wconf 76' lang='lat'>1³1,</span> <span class='ocrx_word' id='word_1_301' title='bbox 1034 3333 1147 3389; x_wconf 83' lang='lat' dir='ltr'>“Etenim,</span> <span class='ocrx_word' id='word_1_302' title='bbox 1169 3349 1179 3380; x_wconf 87' lang='lat' dir='ltr'>s</span> 
     </span>
     <span class='ocr_line' id='line_1_37' title="bbox 268 3397 1181 3460; baseline 0.003 -17"><span class='ocrx_word' id='word_1_303' title='bbox 268 3401 315 3446; x_wconf 84' lang='lat' dir='ltr'>vid.</span> <span class='ocrx_word' id='word_1_304' title='bbox 329 3400 413 3446; x_wconf 83' lang='lat' dir='ltr'>blettb.</span> <span class='ocrx_word' id='word_1_305' title='bbox 425 3399 455 3444; x_wconf 89' lang='lat' dir='ltr'>ad</span> <span class='ocrx_word' id='word_1_306' title='bbox 466 3413 499 3445; x_wconf 88' lang='lat' dir='ltr'>or.</span> <span class='ocrx_word' id='word_1_307' title='bbox 508 3415 553 3460; x_wconf 84' lang='lat' dir='ltr'>pro</span> <span class='ocrx_word' id='word_1_308' title='bbox 562 3399 616 3460; x_wconf 80' lang='lat' dir='ltr'>Lig.</span> <span class='ocrx_word' id='word_1_309' title='bbox 627 3400 664 3445; x_wconf 83' lang='lat' dir='ltr'>lb.</span> <span class='ocrx_word' id='word_1_310' title='bbox 676 3399 714 3445; x_wconf 80' lang='lat'>30.</span> <span class='ocrx_word' id='word_1_311' title='bbox 756 3399 864 3459; x_wconf 71' lang='lat' dir='ltr'>iuppiter</span> <span class='ocrx_word' id='word_1_312' title='bbox 877 3432 898 3446; x_wconf 91' lang='grc'>..</span> <span class='ocrx_word' id='word_1_313' title='bbox 910 3411 978 3458; x_wconf 86' lang='lat' dir='ltr'>saepe</span> <span class='ocrx_word' id='word_1_314' title='bbox 988 3432 995 3446; x_wconf 91' lang='lat'><strong>.</strong></span> <span class='ocrx_word' id='word_1_315' title='bbox 1005 3431 1011 3445; x_wconf 88' lang='lat'><strong>.</strong></span> <span class='ocrx_word' id='word_1_316' title='bbox 1021 3397 1140 3446; x_wconf 77' lang='lat' dir='ltr'>bominibus</span> <span class='ocrx_word' id='word_1_317' title='bbox 1148 3413 1181 3446; x_wconf 84' lang='lat' dir='ltr'>no</span> 
     </span>
     <span class='ocr_line' id='line_1_38' title="bbox 269 3461 1181 3525; baseline 0 -15"><span class='ocrx_word' id='word_1_318' title='bbox 269 3465 328 3510; x_wconf 84' lang='lat' dir='ltr'>Mox</span> <span class='ocrx_word' id='word_1_319' title='bbox 339 3465 371 3512; x_wconf 80' lang='lat' dir='ltr'>cd</span> <span class='ocrx_word' id='word_1_320' title='bbox 382 3461 502 3524; x_wconf 78' lang='lat' dir='ltr'>injuriam,</span> <span class='ocrx_word' id='word_1_321' title='bbox 522 3479 554 3510; x_wconf 82' lang='lat' dir='ltr'>ec.</span> <span class='ocrx_word' id='word_1_322' title='bbox 576 3463 717 3511; x_wconf 81' lang='lat' dir='ltr'>faciendam.</span> <span class='ocrx_word' id='word_1_323' title='bbox 755 3464 824 3522; x_wconf 67' lang='lat' dir='ltr'>cuit„</span> <span class='ocrx_word' id='word_1_324' title='bbox 833 3461 958 3525; x_wconf 88' lang='lat' dir='ltr'>.(quorum</span> <span class='ocrx_word' id='word_1_325' title='bbox 969 3463 1025 3510; x_wconf 88' lang='lat' dir='ltr'>nibil</span> <span class='ocrx_word' id='word_1_326' title='bbox 1036 3462 1126 3523; x_wconf 87' lang='lat' dir='ltr'>pernicie</span> <span class='ocrx_word' id='word_1_327' title='bbox 1133 3477 1181 3510; x_wconf 87' lang='lat' dir='ltr'>cau·</span> 
     </span>
     <span class='ocr_line' id='line_1_39' title="bbox 269 3527 1181 3590; baseline 0 -15"><span class='ocrx_word' id='word_1_328' title='bbox 269 3527 302 3590; x_wconf 84' lang='lat'>(⁴)</span> <span class='ocrx_word' id='word_1_329' title='bbox 315 3529 377 3576; x_wconf 83' lang='lat' dir='ltr'>Nota</span> <span class='ocrx_word' id='word_1_330' title='bbox 388 3536 555 3589; x_wconf 74' lang='lat' dir='ltr'>praegnantem</span> <span class='ocrx_word' id='word_1_331' title='bbox 572 3529 716 3576; x_wconf 87' lang='lat' dir='ltr'>orationem:</span> <span class='ocrx_word' id='word_1_332' title='bbox 756 3543 809 3576; x_wconf 85' lang='lat' dir='ltr'>aa..</span> <span class='ocrx_word' id='word_1_333' title='bbox 820 3529 922 3576; x_wconf 63' lang='lat' dir='ltr'>ductum</span> <span class='ocrx_word' id='word_1_334' title='bbox 939 3538 1055 3588; x_wconf 82' lang='lat' dir='ltr'>putamus:</span> <span class='ocrx_word' id='word_1_335' title='bbox 1076 3533 1099 3574; x_wconf 81' lang='lat' dir='ltr'>at</span> <span class='ocrx_word' id='word_1_336' title='bbox 1114 3535 1181 3576; x_wconf 79' lang='lat' dir='ltr'>contre</span> 
     </span>
     <span class='ocr_line' id='line_1_40' title="bbox 269 3593 1181 3655; baseline 0.002 -16"><span class='ocrx_word' id='word_1_337' title='bbox 269 3593 716 3654; x_wconf 82' lang='lat' dir='ltr'>namexeoquoddicit‚conservandor</span> <span class='ocrx_word' id='word_1_338' title='bbox 756 3595 876 3650; x_wconf 69' lang='lat' dir='ltr'>commoda,</span> <span class='ocrx_word' id='word_1_339' title='bbox 899 3595 980 3655; x_wconf 80' lang='lat' dir='ltr'>quibua</span> <span class='ocrx_word' id='word_1_340' title='bbox 1000 3595 1140 3650; x_wconf 52' lang='lat' dir='ltr'>admnonet</span> <span class='ocrx_word' id='word_1_341' title='bbox 1162 3610 1181 3642; x_wconf 83' lang='lat' dir='ltr'>er</span> 
     </span>
     <span class='ocr_line' id='line_1_41' title="bbox 269 3658 1181 3719; baseline 0 -14"><span class='ocrx_word' id='word_1_342' title='bbox 269 3675 319 3706; x_wconf 87' lang='lat' dir='ltr'>esse</span> <span class='ocrx_word' id='word_1_343' title='bbox 331 3674 371 3707; x_wconf 84' lang='lat' dir='ltr'>eos</span> <span class='ocrx_word' id='word_1_344' title='bbox 382 3659 467 3714; x_wconf 82' lang='lat' dir='ltr'>hostes,</span> <span class='ocrx_word' id='word_1_345' title='bbox 485 3659 525 3718; x_wconf 89' lang='lat' dir='ltr'>qui</span> <span class='ocrx_word' id='word_1_346' title='bbox 548 3673 596 3705; x_wconf 89' lang='lat' dir='ltr'>non</span> <span class='ocrx_word' id='word_1_347' title='bbox 611 3660 716 3706; x_wconf 82' lang='lat' dir='ltr'>crudeles</span> <span class='ocrx_word' id='word_1_348' title='bbox 755 3659 820 3706; x_wconf 77' lang='lat' dir='ltr'>natu</span> <span class='ocrx_word' id='word_1_349' title='bbox 829 3660 883 3705; x_wconf 82' lang='lat' dir='ltr'>dari</span> <span class='ocrx_word' id='word_1_350' title='bbox 893 3665 961 3719; x_wconf 81' lang='lat' dir='ltr'>atqua</span> <span class='ocrx_word' id='word_1_351' title='bbox 972 3658 1077 3718; x_wconf 73' lang='lat' dir='ltr'>impertiri</span> <span class='ocrx_word' id='word_1_352' title='bbox 1084 3659 1181 3718; x_wconf 66' lang='lat' dir='ltr'>vuemo]</span> 
     </span>
     <span class='ocr_line' id='line_1_42' title="bbox 268 3721 1181 3786; baseline 0.001 -17"><span class='ocrx_word' id='word_1_353' title='bbox 268 3725 293 3770; x_wconf 88' lang='lat' dir='ltr'>in</span> <span class='ocrx_word' id='word_1_354' title='bbox 306 3725 367 3772; x_wconf 81' lang='lat' dir='ltr'>bello</span> <span class='ocrx_word' id='word_1_355' title='bbox 388 3738 464 3786; x_wconf 86' lang='lat' dir='ltr'>neque</span> <span class='ocrx_word' id='word_1_356' title='bbox 486 3723 600 3772; x_wconf 81' lang='lat' dir='ltr'>immanes</span> <span class='ocrx_word' id='word_1_357' title='bbox 621 3724 715 3782; x_wconf 80' lang='lat' dir='ltr'>luerint,</span> <span class='ocrx_word' id='word_1_358' title='bbox 756 3724 812 3786; x_wconf 88' lang='lat' dir='ltr'>quid</span> <span class='ocrx_word' id='word_1_359' title='bbox 824 3723 944 3782; x_wconf 87' lang='lat' dir='ltr'>miramur,</span> <span class='ocrx_word' id='word_1_360' title='bbox 967 3721 993 3768; x_wconf 72' lang='grc' dir='ltr'><strong>Ι..</strong></span> <span class='ocrx_word' id='word_1_361' title='bbox 1007 3723 1181 3783; x_wconf 81' lang='lat' dir='ltr'>Sullam..aliqua</span> 
     </span>
    </p>
   </div>
   <div class='ocr_carea' id='block_1_4' title="bbox 0 0 1246 4432">
    <p class='ocr_par' dir='ltr' id='par_1_6' title="bbox 0 0 1246 4432">
     <span class='ocr_line' id='line_1_43' title="bbox 0 0 1246 4432; baseline 0 0"><span class='ocrx_word' id='word_1_362' title='bbox 0 0 1246 4432; x_wconf 95' lang='lat' dir='ltr'> </span> 
     </span>
    </p>
   </div>
  </div>
 </body>
</html>
