2472 4432
378 437 382 444 .
403 381 480 441 LIB.
495 383 518 440 Ι.
540 382 627 444 CAP.
641 384 688 444 96.
972 387 1010 444 39

57 545 139 628 juris
154 541 392 629 aequabilitate
406 543 576 607 exercenda
590 543 684 608 etiam
693 553 741 607 est
752 541 884 607 facilitas
894 553 925 605 et
940 542 1010 606 alti-

62 629 153 693 tudo⁹
164 629 279 707 animi,
289 651 373 713 quae
389 627 518 705 dicitur;
540 651 591 706 ne,
605 629 632 693 si
646 629 815 693 irascamur
829 639 883 693 aut
897 628 1010 692 intem-

63 716 186 800 pestive
210 714 439 780 accedentibus
461 725 515 778 aut
535 715 734 800 impudenter
754 715 951 802 rogantibus,
976 714 1008 778 in

63 803 287 866 morositatem
307 800 456 863 inutilem
471 814 502 865 et
517 801 654 865 odiosam
673 800 857 865 incidamus,
875 859 880 872 ,
905 800 948 864 Et
964 812 1010 865 ta-

63 909 134 950 men
150 888 200 952 ita
214 885 384 973 probanda
398 901 445 950 est
458 887 665 950 mansuetudo
675 898 770 971 atque
786 886 961 963 clementia,
974 899 1009 951 ut

62 972 255 1038 adhibeatur
270 972 316 1034 rei
333 971 478 1056 publicae
493 994 585 1036 causa
599 972 782 1049 severitas¹⁰,
799 972 865 1036 sine
879 995 943 1058 qua
957 973 1010 1037 ad·

64 1059 239 1123 ministrari
255 1059 372 1121 civitas
388 1079 450 1120 non
462 1069 576 1143 potest.
624 1057 738 1123 Omnis
752 1070 897 1123 autemet
912 1059 1010 1122 anim-

64 1144 211 1209 adversio
229 1156 264 1208 et
284 1143 453 1228 castigatio
463 1145 652 1209 contumelia
672 1167 780 1209 vacare
789 1144 892 1222 debet,
907 1162 1009 1230 neque

65 1231 102 1293 ad
123 1232 208 1317 ejuS,
234 1230 292 1315 qui
316 1229 469 1313 punitur¹¹
490 1230 625 1314 aliquem
647 1242 703 1295 aut
721 1230 823 1294 verbis
839 1231 1006 1317 castigat¹²,

66 1317 118 1380 sed
134 1317 173 1381 ad
189 1316 237 1380 rei
254 1315 405 1401 publicae
415 1314 582 1379 utilitatem
596 1317 713 1380 referri.
757 1321 809 1384 89.
825 1316 1010 1381 Cavendum

66 1415 113 1466 est
127 1403 236 1479 etiam,
254 1424 295 1464 ne
307 1400 410 1484 major
420 1423 520 1485 poena
530 1423 624 1485 quam
633 1403 727 1488 culpa
738 1402 789 1481 sit,
802 1412 834 1466 et
849 1424 888 1466 ne
899 1403 1009 1467 iisdem

66 1488 221 1552 decausis
237 1486 292 1551 alii
307 1486 498 1572 plectantur,
521 1487 574 1551 alii
599 1511 639 1552 ne
654 1488 852 1574 appellentur
869 1489 1007 1572 quidem.

72 1573 274 1639 Prohibenda
287 1582 398 1636 autem
413 1573 547 1636 maxime
562 1586 608 1638 est
622 1575 668 1639 ira
676 1577 708 1638 in
719 1573 876 1659 puniendo
888 1597 895 1637 :
918 1596 1009 1636 num-

67 1681 160 1743 quam
175 1660 273 1735 enim,
290 1659 393 1721 iratus
405 1658 459 1743 qui
471 1658 596 1725 accedet
608 1661 646 1724 ad
661 1658 829 1746 poenam¹³,
846 1658 1009 1722 mediocri·

70 1757 163 1808 tatem
174 1745 265 1809 illam
282 1743 416 1821 tenebit,
434 1765 514 1828 quae
529 1756 576 1809 est
589 1747 672 1810 inter
686 1745 818 1809 nimium
833 1754 864 1807 et
875 1765 986 1829 parum
998 1769 1006 1820 3

69 1832 171 1914 quae¹⁴
187 1830 294 1916 placet
314 1828 541 1914 Peripateticis,
565 1844 597 1896 et
618 1842 703 1896 recte
724 1829 837 1917 placet,
854 1829 947 1893 modo
969 1851 1009 1894 ne

69 1916 259 1981 laudarent¹⁵
281 1914 474 1979 iracundiam
500 1927 532 1980 et
555 1917 693 1982 dicerent
717 1916 836 1980 utiliter
857 1939 876 1980 a
897 1926 1009 1981 natura

68 2002 182 2067 datam.
233 2001 297 2065 llla
318 2022 392 2063 vero
414 2000 558 2066 omnibus
580 2004 613 2066 in
633 2003 727 2066 rebus
742 2001 933 2088 repudianda
947 2013 1006 2079 est,

70 2089 322 2174 optandumque,
340 2097 375 2150 ut
385 2086 418 2163 ii,
435 2087 489 2170 qui
507 2100 657 2172 praesunt
672 2088 881 2174 reipublicae,
898 2088 1007 2175 legum

68 2174 184 2238 similes
200 2173 278 2250 sint,
304 2193 386 2256 quae
405 2172 443 2236 ad
465 2173 656 2258 puniendum
676 2196 739 2237 non
760 2173 929 2252 iracundia,
954 2175 1007 2238 sed

70 2281 104 2322 ae
128 2261 229 2324 uitate
245 2259 416 2322 ducuntur.

153 2346 259 2409 XVI.
285 2349 339 2412 90.
364 2345 471 2429 Atque
485 2344 579 2410 etiam
592 2345 627 2408 in
641 2345 734 2409 rebus
750 2345 907 2431 prosperis
922 2354 954 2408 et
969 2346 1007 2409 ad

71 2432 267 2496 voluntatem
297 2440 437 2494 nostram
462 2429 643 2508 fluentibus,
676 2430 855 2516 superbiam
891 2453 1006 2518 magno

71 2539 173 2602 opere,
197 2515 372 2592 fastidium,
396 2516 668 2603 arrogantiamque
691 2515 860 2602 fugiamus,
906 2517 1004 2595 Nam,

72 2615 104 2665 ut
118 2603 269 2666 adversas
283 2623 344 2679 ree,
369 2600 413 2664 sic
428 2601 579 2666 secundas
593 2601 794 2666 immoderate
823 2603 902 2667 ferre
928 2601 1006 2666 levi-

70 2687 142 2752 tatis
157 2699 207 2752 est
223 2710 232 2763 ;
256 2687 478 2774 praeclaraque
492 2699 539 2752 est
564 2686 768 2773 aequabilitas
784 2688 916 2752 inomni
942 2689 1007 2754 vita

69 2783 99 2836 et
112 2773 197 2839 idem
212 2795 337 2858 semper
351 2773 457 2838 vultus
469 2773 640 2859 eademque
654 2774 749 2849 frons,
774 2785 810 2838 ut
825 2774 863 2837 de
877 2775 1005 2839 Socrate

69 2858 209 2944 itemque
234 2858 274 2921 de
299 2859 338 2922 C.
363 2858 474 2923 Laelio
488 2859 676 2948 accepimus.
723 2859 908 2946 Philippum
938 2861 1008 2944 qui·

67 2944 148 3023 dem,
175 2943 391 3009 Macedonum
418 2967 536 3033 regem,
560 2945 654 3009 rebus
668 2945 767 3032 gestis
783 2956 815 3010 et
852 2946 931 3010 loria
953 2969 1006 3010 su·

70 3041 214 3114 peratum
230 3052 251 3093 a
264 3028 340 3107 filio,
357 3030 507 3095 facilitate
521 3043 553 3095 et
567 3031 761 3096 humanitate
784 3031 815 3094 vi
837 3055 875 3096 eo
898 3055 1006 3117 super·

65 3115 161 3179 iorem
190 3115 301 3179 fuisse.
365 3115 476 3201 Itaque
505 3117 584 3182 alter
611 3139 733 3202 semper
757 3139 902 3203 magnus,
926 3117 1006 3183 alter

68 3223 159 3288 saepe
175 3200 395 3287 turpissimus:
418 3213 454 3266 ut
469 3213 553 3267 recte
564 3203 744 3302 praecipere
758 3202 932 3282 videantur,
950 3205 1004 3288 qui

67 3299 208 3365 monent,
241 3296 289 3364 ut,
321 3297 439 3371 quanto
470 3309 644 3374 superiores
672 3288 802 3366 sumus¹,
834 3299 923 3353 tanto
947 3312 1004 3354 nos

72 3439 173 3487 norw
209 3435 294 3501 (⁹)Ct‘.
309 3438 395 3486 Periit.
415 3440 453 3485 22.
468 3440 515 3497 77,
555 3440 593 3486 111.
628 3436 672 3502 (¹³)
681 3441 901 3494 Putasumendarn3
919 3441 933 3486 i.
943 3455 963 3487 e.
973 3441 1003 3486 ad

71 3506 200 3551 “Altitudo
215 3506 288 3550 animi
304 3503 328 3549 in
345 3505 463 3564 capiendis
477 3505 514 3551 in·
555 3505 707 3566 puniendum.
741 3502 784 3566 (¹⁴)
793 3506 1002 3565 Degeminutorel.

70 3568 219 3616 commodis.”
255 3565 300 3630 (¹⁰)
312 3569 350 3614 Cf.
364 3585 407 3629 pro
418 3570 480 3616 Mur.
493 3571 515 3616 3.
555 3586 580 3616 11.
591 3571 620 3616 ad
638 3571 666 3617 dc
678 3572 708 3617 D.
726 3570 741 3616 i.
755 3573 793 3617 54.
808 3571 874 3625 123.;
892 3570 951 3615 adde
962 3569 1001 3613 ifr.

73 3635 93 3680 6.
109 3631 153 3696 (¹¹)
161 3635 200 3680 Cf.
213 3633 279 3678 Ture.
289 3634 303 3678 1.
313 3634 351 3679 44.
363 3634 515 3688 107.‚“mor·
556 3636 595 3680 29.
609 3636 669 3692 104,
680 3636 704 3682 ii.
718 3635 755 3683 ll.
764 3637 802 3682 4⁰.
837 3633 879 3696 (¹⁵)
888 3634 925 3679 Cf.
936 3631 1000 3677 Tucc-

72 3709 121 3745 roos
140 3697 295 3760 puniantur,”
318 3699 381 3758 apud
403 3699 514 3745 Nonium.
556 3701 586 3746 11.
601 3701 637 3745 19.
649 3701 688 3747 43.

71 3761 113 3825 (¹¹)
124 3759 372 3824 Nouussatigatecf.
383 3763 416 3810 ur.
430 3764 465 3810 ra.
478 3763 515 3810 11.
589 3765 677 3812 xxvr.
696 3762 729 3827 (¹)
754 3765 882 3811 111111..
916 3755 949 3818 (1)
962 3758 1000 3803 cf.
