2450 4478
319 387 361 444 84
663 379 721 440 DF.
743 380 925 441 OFFlClIS

320 544 349 608 si
374 541 468 606 fidem
489 539 595 618 habet,
623 539 650 604 si
672 562 744 603 cum
766 539 971 604 admiratione
993 540 1150 624 quadam

322 627 448 714 dignos²
462 637 563 710 putat.
611 625 702 690 Haec
717 637 834 702 autem,
851 626 878 688 si
893 636 941 689 est
962 625 1150 711 simplicite

324 728 371 778 ter
395 735 434 776 ue
448 710 624 789 dicendum,
641 711 757 796 quibus
779 711 873 776 rebus
889 711 1075 797 pariuntur³
1093 735 1115 775 a
1133 736 1150 776 s

323 735 440 863 eisdem
454 797 518 861 fere
533 796 775 860 amultitudine.
824 797 886 860 Sed
902 809 949 861 est
963 796 1050 861 alius
1062 820 1150 882 quo(

320 884 394 948 dam
406 882 508 948 aditus
519 882 558 946 ad
569 882 812 959 multitudinem,
824 882 904 946 utin
915 882 1150 947 universorum

324 981 485 1054 tamquam
499 968 630 1032 influere
669 967 813 1032 ossimus.
858 972 910 1031 32.
936 968 1150 1054 Acprimum

323 1054 434 1133 tribus,
452 1076 533 1139 quae
547 1065 620 1118 ante
635 989 710 1131 dlxi,
729 1053 964 1118 benevolentiae
979 1067 1150 1140 praecept:

321 1162 407 1204 mus:
448 1163 505 1204 uae
517 1139 644 1225 quidem
655 1138 779 1225 capitur
789 1139 949 1205 beneficiis
958 1139 1122 1217 maxime,
1141 1164 1150 1204 ε

320 1163 513 1291 autemloco
529 1225 692 1290 voluntate
704 1223 844 1290 benefica
855 1225 1086 1290 benevolentia
1102 1249 1150 1290 m(

324 1312 420 1376 etiam
442 1312 469 1376 si
490 1333 538 1376 res
561 1312 641 1375 forte
655 1333 718 1374 uon
733 1311 884 1396 suppetit.
928 1309 1150 1376 Vehementer

322 1420 412 1462 amor
425 1396 637 1462 multitudinis
652 1409 868 1461 commovetur
881 1397 949 1498 ipsa
967 1397 1056 1460 fama
1073 1409 1110 1462 et
1126 1420 1150 1482 οἸ

323 1483 529 1562 liberalitatis,
546 1481 782 1559 beneficentiae,
796 1483 949 1567 justinae,
963 1481 1049 1559 fidei,
1062 1489 1150 1546 omni

323 1593 430 1635 earum
439 1571 601 1648 virtutum,
610 1591 689 1655 quae
723 1567 1150 1632 ertinentadmansuetudin.

323 1679 392 1720 rum
406 1679 443 1722 ac
457 1657 650 1722 facilitatem.
697 1591 825 1718 litenim
834 1653 913 1717 illud
922 1655 1038 1739 ipsum,
1055 1656 1149 1739 quod

324 1756 392 1808 tum
416 1743 627 1826 decorumque
652 1740 793 1817 dicimus,
819 1739 895 1825 quia
918 1761 973 1826 per
997 1761 1032 1803 se
1055 1742 1150 1806 nobis

324 1829 508 1912 animosque
533 1827 672 1890 omnium
692 1836 805 1891 natura
830 1837 862 1889 et
885 1825 988 1911 specie
1010 1847 1071 1890 sua
1087 1850 1150 1891 con

324 1913 522 1996 maximeque
532 1911 620 1995 quasi
635 1911 776 1997 perlucet
791 1935 830 1975 ex
842 1910 897 1989 eis,
911 1932 990 1996 quas
1005 1933 1150 1976 oommer

323 1997 509 2072 virtutibus3
532 1995 648 2060 idcirco
656 1995 737 2074 illos,
749 1998 782 2060 in
794 1996 909 2082 quibus
921 2019 973 2060 eas
985 1997 1122 2062 virtutes
1138 2023 1150 2064 ε

322 2104 404 2158 mur,
430 2104 449 2146 a
471 2093 583 2145 natura
605 2081 674 2166 ipsa
697 2080 828 2170 diligere
855 2083 1008 2170 cogimur.
1074 2085 1150 2170 Atqr

322 2167 451 2254 quidem
476 2187 586 2231 causae
611 2166 760 2253 diligendi
783 2168 1007 2255 gravissimae:
1031 2191 1149 2255 possuu

323 2265 483 2340 praeterea
505 2252 675 2317 nonnullae
696 2276 764 2317 esse
778 2254 923 2318 leviores
968 2259 1020 2318 33.
1046 2255 1142 2320 Fides

322 2353 360 2405 ut
374 2340 538 2415 habeatur,
556 2337 678 2402 duabus
700 2339 793 2403 rebus
815 2339 896 2404 effici
911 2351 1035 2427 potest,
1057 2341 1084 2405 si
1100 2343 1149 2407 exi

323 2426 426 2490 bimur
450 2423 556 2510 adepti
580 2426 780 2511 conjunctam
806 2448 876 2490 eum
898 2426 1022 2512 justitia
1071 2428 1149 2492 rude

325 2509 410 2575 Nam
420 2510 465 2575 et⁵
475 2509 513 2573 iis
525 2508 615 2573 fidem
628 2509 790 2588 habemus,
801 2533 881 2595 quos
891 2513 962 2598 plus
970 2449 1146 2599 intelligere

322 2619 391 2673 nos,
407 2595 605 2673 arbitramur,
622 2618 764 2681 quosque
791 2608 823 2660 et
845 2597 950 2662 futura
971 2597 1145 2683 prospicere

321 2705 393 2746 mus
408 2693 450 2760 et,
467 2704 567 2767 quum
583 2704 631 2746 res
645 2694 759 2769 agatur
772 2681 806 2745 in
821 2682 1045 2768 discrimenque
1058 2697 1148 2750 ventu

323 2768 470 2854 expedire
485 2791 551 2832 rem
572 2779 605 2832 et
626 2767 791 2832 consilium
805 2792 845 2833 ex
860 2782 1000 2855 tempore
1015 2791 1123 2854 capere
1138 2795 1148 2857 1

322 2853 404 2919 hanc
419 2854 503 2918 enim
524 2853 634 2917 utilem
648 2851 791 2917 homines
810 2854 991 2919 existimant
1001 2877 1147 2940 veramqu

322 2940 473 3004 dentiam.
517 2939 536 3004 J
540 2938 618 3003 ustis
628 2949 734 3003 autem
743 2950 775 3003 et
784 2939 853 3004 fidis
865 2939 1051 3018 hominibus,
1063 2940 1093 3004 id
1104 2955 1147 3008 est

324 3026 408 3102 viris,
435 3025 481 3090 ita
506 3024 582 3089 fides
605 3023 748 3103 habetur,
775 3037 811 3090 ut
833 3025 921 3090 nulla
945 3026 986 3090 sit
1008 3026 1039 3089 in
1062 3025 1107 3091 his
1132 3030 1147 3092 l

320 3111 517 3198 injuriaeque
544 3109 691 3196 suspicio.
750 3111 864 3196 ltaque
888 3111 935 3176 his
950 3111 1076 3176 salutem
1098 3136 1147 3178 nos

321 3197 371 3261 his
386 3197 538 3275 fortunas,
554 3195 604 3260 his
626 3195 742 3261 liberos
761 3197 932 3263 rectissime
950 3197 1094 3262 committi
1115 3223 1146 3263 ar

321 3304 403 3346 mur.
447 3287 500 3347 34.
527 3280 664 3347 Harum⁶
672 3282 770 3368 igitur
779 3283 910 3348 duarum
924 3282 964 3347 ad
978 3282 1064 3347 fidem
1077 3285 1146 3349 facie

318 3367 445 3455 justitia
465 3369 537 3456 plus
559 3368 677 3454 pollet3
700 3368 818 3456 quippe
840 3390 940 3455 quum
958 3392 995 3434 ea
1008 3369 1067 3434 sine
1081 3373 1146 3456 pru(

324 3522 361 3567 18.
374 3520 427 3566 blm
443 3520 490 3566 vid.
503 3520 573 3567 etium
586 3520 689 3580 Madvig.
701 3522 731 3567 ad
742 3523 771 3569 de
809 3523 862 3569 cula
872 3528 948 3569 autem
960 3521 1031 3569 infra:
1046 3524 1145 3572 vmddel

323 3587 351 3634 F.
359 3586 444 3648 p.4l5.
454 3583 487 3647 (²)
505 3587 540 3632 Se.
550 3600 599 3633 nos.
618 3583 652 3648 (³)
663 3586 771 3634 cauea.
810 3588 863 3642 40.;
880 3588 942 3634 adde
960 3588 1053 3648 Madvig.
1069 3604 1145 3636 ereum

321 3653 338 3702 i.
353 3653 389 3698 16.
399 3653 438 3698 5³.
466 3647 499 3712 (⁴)
509 3650 684 3698 Poteranthaec
694 3653 770 3699 benev.
809 3653 838 3699 de
858 3653 885 3699 F.
896 3667 919 3712 p.
939 3653 993 3710 802,
1009 3655 1029 3700 3.
1044 3661 1064 3700 et
1079 3655 1101 3700 C.
1113 3657 1138 3702 G.

319 3724 422 3768 monetur
438 3716 530 3762 omitti:
547 3716 611 3762 aad
629 3715 646 3762 i.
665 3717 769 3764 38.136.
808 3718 876 3776 epist.
893 3718 925 3764 ad
941 3719 1023 3766 Brund.
1040 3733 1059 3780 p.
1070 3720 1103 3764 23.
1133 3719 1145 3781 (⁴

322 3799 369 3847 spr.
402 3778 435 3846 (⁵)
447 3781 551 3844 copulae
562 3783 688 3843 respondet
698 3781 770 3844 parti·
810 3783 841 3830 ad
857 3783 924 3830 'aaa
940 3783 993 3830 151.
1003 3797 1044 3845 spr.
1072 3780 1100 3845 (⁷)
1111 3786 1144 3833 Sic

83 4174 581 4408 Am
