2450 4478
207 376 263 434 130
550 377 609 439 DE
632 379 805 441 OFFlCllS

204 559 261 625 pra
282 537 357 616 dixi,
382 561 475 626 saepe
490 561 613 616 causae,
630 562 729 626 quum
750 562 928 628 repugnare
951 539 1075 604 utilitas
1089 538 1148 604 ho·

204 625 319 689 aestati
327 625 488 701 videatur;
511 637 547 690 ut
557 626 866 692 animadvertendum
880 627 933 704 sit,
945 637 1149 712 repugnetne

204 708 307 793 plane,
319 733 357 774 an
370 712 468 797 possit
477 733 549 776 eum
560 711 724 777 honestate
739 713 902 798 conjungi.
951 713 1032 797 Ejus
1049 735 1149 798 gene-

203 795 246 858 ris
260 793 319 859 hae
329 808 403 861 sunt
412 797 631 883 quaestiones:
652 797 697 876 Si,
709 798 844 883 exempli
853 797 967 884 gratia,
982 797 1148 861 virbonus

207 879 406 947 Alexandrea
433 882 580 947 Rhodum
609 905 760 984 magnum
789 883 938 948 frumenti
963 881 1148 947 numeruml

203 965 362 1033 advexerit
384 969 418 1032 in
448 969 645 1032 Rhodiorum
667 969 774 1055 inopia
799 981 830 1033 et
854 970 936 1033 farne
956 990 1148 1054 summaque

203 1073 345 1117 annonae
357 1054 502 1130 caritate3
526 1055 656 1119 si³idem
668 1055 756 1132 sciat,
769 1054 944 1140 complures
955 1066 1148 1119 mercatores

206 1137 406 1205 Alexandrea
419 1140 548 1205 solvisse
564 1163 722 1226 navesque
733 1141 765 1204 in
776 1163 867 1205 eursu
876 1140 1035 1204 frumento
1049 1161 1148 1203 onus-

203 1233 253 1287 tas
268 1237 409 1310 petentes
428 1225 579 1290 Rhodum
593 1225 726 1302 viderit3
750 1227 929 1290 dicturusne
946 1226 987 1290 sit
1002 1225 1034 1289 id
1055 1225 1148 1288 ero-

203 1307 272 1387 diis,
304 1333 346 1375 an
374 1313 499 1377 silentio
529 1333 621 1375 suum
646 1333 741 1396 quam
766 1312 900 1398 plurimo
926 1311 1146 1376 venditurus?

208 1393 389 1481 Sapientem
412 1409 444 1463 et
466 1399 585 1462 bonum
606 1397 708 1461 virum
730 1396 895 1498 fingimus:
920 1396 960 1461 de
981 1398 1052 1483 ejus
1068 1396 1147 1460 deli-

203 1478 364 1549 beratione
386 1495 418 1548 et
440 1483 669 1548 consultatione
689 1491 878 1569 quaenmus,
902 1483 957 1568 qui
983 1483 1147 1547 celaturus

207 1566 349 1634 Rhodios
371 1593 434 1635 non
456 1569 508 1646 sit,
525 1569 551 1632 si
567 1569 599 1633 id
613 1577 705 1654 turpe
717 1569 856 1654 judieet3
879 1568 933 1633 sed
949 1567 1087 1646 dubitet,
1104 1591 1146 1632 an

204 1663 296 1740 turpe
308 1679 370 1721 non
382 1657 433 1721 sit.
467 1661 521 1720 51.
541 1655 579 1718 In
588 1653 768 1740 hujusmodi
778 1654 888 1732 causis,
900 1654 985 1718 aliud
999 1653 1068 1717 Dio
1093 1653 1145 1718 eui

208 1738 387 1827 Babylonio
402 1741 512 1806 videri⁴
527 1739 618 1818 solet,
631 1754 747 1826 magno
758 1752 790 1805 et
804 1741 893 1826 gravi
908 1739 1039 1815 Stoico;
1055 1676 1146 1804 eliud

207 1825 385 1913 Antipatro,
403 1826 555 1912 discipulo
578 1827 656 1911 ejuS,
673 1825 792 1890 homini
809 1824 1000 1890 acutissimo.
1048 1825 1146 1888 Anti·

204 1923 305 1995 patro,
324 1913 428 1977 omnia
449 1911 673 1998 patefacienda,
690 1923 727 1976 ut
749 1935 789 1975 ne
810 1911 885 1996 quid
899 1911 1039 1988 omnino,
1057 1911 1145 1996 quod

206 1996 348 2060 venditor
363 1997 455 2074 norit,
474 2007 574 2060 emtor
589 1997 736 2083 ignoret:
762 1995 913 2083 Diogeni,
930 1996 1143 2072 venditorem,

204 2091 359 2164 quatenus
371 2082 442 2167 jure
457 2081 542 2146 civili
557 2083 766 2148 constitutum
780 2083 831 2161 sit,
844 2082 944 2146 dicere
956 2082 1036 2146 vitia
1051 2103 1146 2231 opor·

205 2177 288 2242 tere3
313 2180 415 2232 cetera
429 2167 496 2231 sine
517 2167 653 2232 indiciis⁵
666 2191 760 2256 agere
774 2179 817 2245 et,
835 2168 985 2252 quoniam
1000 2190 1062 2232 ven
1086 2166 1142 2245 at⁶,

205 2251 287 2316 velle
316 2274 412 2339 quam
441 2253 560 2338 optime
590 2254 735 2319 vendere.
781 2253 966 2330 “Advexi7,
996 2254 1143 2339 exposui,

206 2339 308 2403 vendo
323 2360 428 2402 meum
448 2361 512 2402 non
528 2339 635 2425 pluris,
653 2361 747 2425 quam
762 2338 876 2415 eeteri3
900 2340 1032 2403 sortasse
1047 2339 1145 2403 etiam

205 2424 346 2502 minoris,
370 2446 469 2509 quum
493 2426 593 2511 major
615 2437 662 2490 est
689 2425 808 2510 copia.''
856 2425 918 2490 Cui
940 2423 977 2489 fit
1000 2424 1144 2510 injuria?

205 2513 258 2572 52.
285 2509 435 2574 Exoritur
448 2510 609 2597 Antipatri
623 2511 701 2576 ratio
716 2533 756 2574 ex
771 2511 869 2576 altera
883 2521 992 2596 parte:
1020 2519 1043 2551 “
1057 2510 1145 2584 Quid

205 2595 278 2659 ais?
302 2595 367 2672 Tu,
392 2618 490 2681 quum
510 2595 689 2661 hominibus
712 2597 872 2662 consulere
894 2595 1010 2660 debeas
1033 2607 1066 2660 et
1081 2618 1145 2660 ser·
1205 2647 1206 2650 ,

206 2681 270 2745 vire
293 2679 449 2747 humanae
475 2683 627 2760 societati,
652 2704 752 2768 eaque
775 2682 848 2769 lege
869 2693 963 2746 natus
986 2682 1041 2758 sis,
1058 2693 1091 2746 et
1107 2703 1143 2746 ea
1205 2705 1206 2710 ¹

153 2795 154 2799 ¹
205 2765 322 2831 habeas
337 2768 490 2854 principia
504 2779 643 2845 naturae,
656 2768 771 2852 quibus
786 2791 894 2854 parere
909 2779 941 2830 et
955 2789 1038 2853 quae
1053 2768 1142 2853 sequi

206 2851 330 2929 debeas,
348 2864 383 2917 ut
399 2854 516 2918 utilitas
532 2863 587 2918 tua
609 2853 782 2918 eommunis
797 2854 837 2918 sit
852 2852 973 2918 utilitas
988 2853 1142 2917 vicissim-

205 2958 267 3037 que
282 2939 456 3002 communis
471 2938 591 3002 utilitas
614 2949 668 3003 tua
689 2941 739 3017 sit,
757 2939 874 3004 celabis
896 2938 1051 3016 homines,
1068 2938 1143 3024 quid

205 3015 243 3087 irs
250 3023 334 3088 ‘adsit
344 3023 573 3088 commoditatis
585 3034 616 3088 et
628 3025 736 3112 copiae
745 3026 781 3090 ?’'
829 3023 1047 3111 Respondebit
1064 3025 1143 3088 Dio-

206 3130 304 3196 genes
327 3110 457 3175 fortasse
479 3110 544 3174 sie:
570 3110 701 3176 “Aliud
723 3122 771 3176 est
786 3111 899 3189 celare,
916 3108 1002 3174 aliud
1018 3121 1139 3176 tacere:

207 3305 298 3346 moneat
319 3301 344 3347 in
365 3315 443 3357 causa,
462 3299 576 3362 Judices.”
616 3299 640 3358 (²
693 3315 750 3346 mox
761 3301 867 3346 futuram
883 3314 936 3346 cum
954 3315 997 3346 suo
1009 3301 1097 3347 damno
1105 3301 1139 3347 in·

208 3365 268 3411 Puta
286 3365 436 3413 modiorum:
454 3367 500 3412 vid.
509 3365 585 3414 Nizol.
619 3366 640 3431 (³
694 3367 779 3413 dicare.
793 3366 882 3411 Tamen
890 3381 937 3411 nou
945 3365 1080 3425 displiceret
1088 3381 1139 3412 cum

208 3430 268 3476 Vide
277 3431 305 3476 ad
316 3432 338 3476 6.
348 3432 386 3477 30.
395 3446 442 3490 spr.
465 3427 498 3493 (⁴)
508 3431 543 3476 Sc.
552 3439 654 3486 rectum
694 3434 827 3491 conjectura
844 3438 923 3476 nostra
939 3431 1010 3476 etiam
1022 3432 1138 3490 vulgatam

208 3495 366 3556 impleuere.
390 3493 422 3558 (⁵)
434 3496 580 3556 ltacoujeci:
598 3512 654 3544 nam
694 3497 818 3544 lectionem
835 3497 975 3556 conjungere
992 3495 1033 3550 sic,
1044 3499 1137 3542 dactu-

208 3562 307 3608 absurde
315 3561 563 3619 vulgatirr'ner’nrtdtir.
593 3563 654 3609 Sane
693 3562 761 3609 cidiis
774 3563 865 3621 pariter
875 3566 898 3606 et
909 3561 1011 3616 indiciis,
1023 3561 1137 3620 quomodo

209 3641 256 3674 non
268 3627 291 3674 id
303 3627 430 3686 quaeritur,
442 3627 555 3673 debeatne
567 3627 601 3673 vir
611 3630 655 3673 bo·
694 3627 754 3672 solet
764 3642 811 3673 non
822 3625 909 3671 invitus
921 3625 969 3670 Cic.
982 3625 1007 3670 in
1020 3626 1094 3671 verbis
1104 3626 1137 3670 lu-

211 3706 254 3739 nus
266 3694 327 3740 ultro
338 3693 435 3739 insidias
446 3691 528 3738 emtori
540 3694 637 3739 tendere
648 3692 654 3737 l
694 3691 756 3736 dere.
790 3685 824 3753 (⁶)
837 3692 856 3736 1.
866 3704 886 3735 e.
896 3688 1007 3750 quoniam
1019 3690 1044 3735 id
1053 3699 1104 3750 agat
1112 3699 1137 3736 ut

213 3757 275 3806 Illud
281 3758 408 3819 quaeritur,
414 3771 444 3804 an
451 3757 535 3803 debeat
543 3757 655 3804 vilitatem
694 3757 788 3803 vendat.
820 3751 854 3814 (⁷)
868 3755 913 3816 Np.
925 3754 944 3801 si
961 3755 995 3801 ita
1006 3755 1068 3802 dicat
1078 3769 1135 3801 mer·
