2450 4478
241 367 297 426 104
586 361 644 422 DE
666 361 846 423 OFFICIIS

238 521 361 609 quum¹⁵
375 521 414 585 de
428 520 570 607 pecuniis
593 519 774 608 repetundis
799 543 819 586 a
842 519 883 582 L.
903 520 1019 586 Pisone
1044 521 1112 587 lata
1136 535 1178 586 est

238 608 301 686 lex,
325 607 413 671 nulla
432 617 525 671 antea
540 629 639 693 quum
661 607 782 672 fuisset.
829 608 875 670 At
896 629 971 671 vero
995 619 1110 692 postea
1134 620 1177 672 tot

238 693 326 780 leges
340 705 374 758 et
389 692 549 777 proximae
559 714 702 778 quaeque
717 691 867 770 durioreS,
892 705 939 757 tot
954 692 1009 769 rei,
1028 705 1080 768 tot
1095 694 1179 758 darn-

239 778 317 856 nati,
340 789 464 842 tantum
483 777 627 842 Italicum
643 778 760 843 bellum
772 791 900 864 propter
911 778 1110 864 judiciorum
1119 803 1179 843 me-

239 876 308 928 tum
323 864 505 942 excitatum,
530 875 620 928 tanta
639 863 770 928 sublatis
783 863 906 950 legibus
930 876 961 928 et
979 865 1114 949 judiciis
1129 888 1179 928 ex-

239 950 349 1035 pilatio
364 949 560 1035 direptioque
575 950 742 1027 sociorum,
756 962 792 1013 ut
801 949 1019 1014 imbecillitate
1030 951 1178 1028 aliorum,

239 1057 302 1098 non
318 1047 425 1100 nostra
439 1036 556 1100 virtute
571 1035 739 1100 valeamus.

287 1120 415 1185 XXII.
439 1122 490 1187 76.
519 1121 643 1185 Laudat
669 1120 852 1184 Africanum
880 1121 1065 1200 PanaetiuS,
1096 1123 1179 1206 quod

240 1207 335 1271 fuerit
348 1207 519 1272 abstinens.
567 1205 654 1281 Quid
668 1206 701 1270 ni
715 1206 847 1270 laudet?
870 1206 971 1270 sedin
986 1207 1044 1271 illo
1061 1213 1180 1296 majora

239 1293 312 1357 alia.
359 1293 447 1357 Laus
469 1292 674 1358 abstinentiae
689 1313 752 1355 non
772 1291 906 1356 hominis
921 1305 970 1357 est
984 1294 1103 1372 solum,
1129 1295 1179 1358 sed

239 1379 334 1443 etiam
349 1379 536 1464 temporuml
550 1378 686 1441 illorum.
736 1377 833 1441 Omni
852 1378 1067 1443 Macedonum
1088 1402 1176 1466 gaza,
1211 1409 1212 1440 i

240 1486 322 1550 quae
343 1465 403 1529 fuit
426 1465 571 1541 maxima,
596 1463 715 1548 potitus
741 1474 790 1527 est
816 1461 967 1528 Paullus:
994 1477 1123 1529 tantam
1146 1467 1176 1528 in

240 1549 393 1614 aerarium
423 1548 602 1637 pecuniam²
625 1549 755 1626 invexit,
791 1559 827 1612 ut
851 1548 942 1613 unius
965 1549 1178 1636 imperatoris³
1211 1585 1212 1634 p

240 1637 356 1722 praeda
370 1636 464 1701 finem
479 1635 632 1700 attulerit⁴
647 1634 846 1700 tributorum.
895 1637 939 1698 At
956 1633 1009 1699 hic
1025 1636 1108 1701 nihil
1123 1638 1175 1700 do·
1211 1645 1212 1672 ¹

241 1745 328 1786 mum
350 1744 438 1787 suam
458 1733 579 1822 praeter
602 1719 784 1784 memoriam
802 1720 937 1784 nominis
952 1722 1175 1808 sempiternam
1211 1739 1212 1784 ζ

240 1808 365 1874 detulit.
412 1809 559 1872 Imitatus
579 1820 699 1893 patrem
721 1806 898 1884 Africanus,
922 1805 1022 1870 nihilo
1035 1809 1175 1895 locuple·
1211 1829 1212 1832 ’

240 1895 302 1958 tior
320 1892 511 1979 Carthagine
527 1914 643 1956 eversa.
691 1891 804 1965 Quid?
824 1893 879 1976 qui
893 1893 962 1978 ejus
977 1892 1104 1981 collega
1117 1897 1174 1960 fuit

239 1979 273 2042 in
288 2000 428 2055 censura,
455 1978 495 2041 L.
513 1977 701 2054 Mummius,
726 1977 878 2062 numquid
892 1978 1058 2062 copiosior,
1078 2002 1172 2065 quum

241 2063 486 2150 copiosissimam
502 2063 610 2126 urbem
630 2062 771 2127 funditus
792 2063 998 2128 sustulisset?
1047 2065 1172 2131 Italiam
1211 2089 1212 2116 ff

241 2170 360 2227 ornare,
396 2170 491 2234 quam
516 2147 643 2210 domum
670 2171 770 2226 suam,
803 2148 935 2212 maluit:
969 2173 1170 2236 quamquam,
1211 2183 1212 2186 ¹

244 2234 336 2300 Italia
372 2245 490 2312 ornata,
528 2233 638 2297 domus
666 2233 734 2320 ipsa
761 2233 839 2297 mihi
872 2235 997 2298 videtur
1026 2240 1171 2302 ornatior.

170 2395 172 2400 ,
242 2323 293 2389 77.
318 2319 453 2386 Nullum
476 2319 573 2406 igitur
589 2319 700 2385 vitium
721 2321 831 2385 tetrius
856 2331 915 2398 est,
944 2324 996 2420 <ut
1020 2345 1068 2398 eo,
1094 2324 1171 2387 unde

241 2430 366 2494 egressa
381 2421 439 2484 est,
463 2406 575 2470 referat
589 2427 622 2469 se
638 2405 752 2492 oratio)
769 2429 864 2491 quam
879 2408 1020 2484 avaritia,
1039 2431 1171 2494 praeser-

241 2495 298 2557 tim
317 2493 350 2556 in
370 2491 563 2580 principibus
587 2502 619 2555 et
644 2514 710 2554 rem
730 2490 888 2577 publicam
912 2494 1169 2578 gubernantibus.

243 2579 371 2644 Habere
391 2577 474 2641 enim
489 2577 633 2663 quaestui
648 2577 882 2662 rempublicam
896 2600 958 2642 non
974 2579 1069 2643 modo
1084 2593 1170 2667 turpe

241 2676 299 2742 est,
323 2665 376 2729 sed
391 2664 577 2728 sceleratum
592 2663 688 2728 etiam
699 2674 730 2727 et
741 2664 900 2730 nefarium.
949 2664 1073 2750 ltaque,
1091 2668 1169 2752 quod

244 2749 361 2836 Apollo
378 2748 516 2836 Pythius
534 2747 708 2813 oraculum⁵
727 2748 832 2825 edidit,
860 2750 1005 2850 Spartam
1029 2752 1117 2816 nulla
1139 2777 1169 2817 re

240 2837 301 2900 alia
315 2836 374 2900 nisi
389 2835 518 2900 avaritia
532 2857 600 2899 esse
614 2833 794 2920 perituram,
817 2834 850 2898 id
862 2835 984 2900 videtur
998 2859 1063 2900 non
1072 2839 1168 2903 solum

243 2921 510 2999 Lacedaemoniis,
527 2921 581 2985 sed
600 2920 695 2984 etiam
714 2920 859 2985 omnibus
876 2921 1035 3007 opulentis
1050 2925 1169 3011 populis

238 3116 573 3164 itt.1.4.“tantumrotoris.”
597 3116 686 3162 Tamen
727 3117 789 3175 quod
800 3123 850 3163 tum
861 3125 912 3164 erat
922 3133 994 3179 quum
1006 3146 1045 3167 ·-.

241 3184 311 3230 Bern.
319 3184 349 3238 3.,
358 3183 425 3229 sicuti
430 3184 480 3243 jam
488 3183 575 3242 optimo
585 3181 686 3237 Graevii,
759 3182 839 3228 XXll.
860 3180 894 3245 (¹)
912 3185 950 3230 Cf.
961 3186 993 3230 iii.
1003 3186 1042 3231 31.
1054 3187 1105 3233 111.
1116 3189 1152 3236 ifr.
1163 3207 1168 3242 ;

240 3249 305 3294 deest
316 3263 361 3294 vox
372 3250 472 3294 roboris:
484 3248 593 3292 nimirum
602 3261 686 3306 parum
727 3247 786 3292 adde
798 3248 867 3293 Brut.
880 3250 917 3295 74.
931 3251 984 3295 258.
1018 3248 1053 3312 (ἵ)
1073 3254 1108 3298 ΑΙ.
1120 3260 1167 3300 tun-

239 3327 269 3360 eo
286 3313 379 3360 librario
396 3314 446 3359 visa
462 3323 497 3359 est
512 3320 590 3373 optato
612 3311 687 3358 Pontii
727 3319 785 3358 tum.
795 3316 922 3372 pecuniae,
934 3316 1036 3361 frustra:
1048 3316 1076 3363 ef.
1086 3317 1121 3366 17.
1132 3323 1166 3364 60.

240 3379 369 3434 convenire,
379 3393 425 3438 quo
436 3378 635 3437 velletlargitione
646 3391 687 3437 po·
726 3392 772 3438 spr.
806 3375 839 3440 (³)
854 3379 870 3423 l.
882 3394 902 3424 e.
915 3381 1008 3440 praeda,
1017 3397 1077 3441 quae
1088 3386 1116 3428 ab
1125 3398 1167 3428 uno

239 3446 286 3492 tius
297 3458 367 3504 quem
376 3443 446 3489 armis
458 3457 506 3489 rem
515 3457 602 3501 gerere.
637 3443 688 3488 Hoc
726 3443 866 3502 imperatore
877 3445 906 3490 ad
922 3455 1070 3504 quaestorem
1081 3451 1166 3495 redacta

239 3525 294 3558 vero
302 3514 352 3571 Jam
363 3509 437 3554 victus
454 3507 525 3554 armis
538 3509 578 3554 ille
590 3506 685 3568 optavit.
727 3516 769 3554 est.
803 3509 866 3569 Ergo
878 3517 932 3556 nota
939 3511 1036 3568 genitivi
1046 3528 1117 3559 usum.
1135 3509 1165 3574 (⁴)

240 3579 275 3624 De
286 3577 363 3623 forma
374 3581 452 3620 autem
464 3573 581 3632 loquendi,
598 3579 687 3619 tantum
728 3573 764 3619 De
784 3575 888 3633 perfecto
906 3584 958 3635 post
979 3578 1107 3635 perfectum
1123 3579 1165 3624 vid.

240 3659 287 3690 erre
296 3644 320 3689 in
331 3642 415 3702 atiquo,
430 3639 476 3684 vid.
492 3637 593 3697 Madvig.
609 3638 639 3684 sd
658 3639 686 3684 de
728 3639 814 3684 Matth.
825 3640 855 3685 ad
867 3654 899 3685 or.
908 3655 952 3699 pro
963 3641 1015 3687 Miz.
1029 3645 1066 3687 31.
1078 3645 1113 3690 86.
1134 3641 1165 3704 (⁵)

238 3710 299 3770 Rp.
312 3706 365 3756 578.
394 3700 437 3767 (¹⁵)
450 3704 468 3751 1.
481 3718 501 3751 e.
511 3717 574 3750 exeo
582 3711 686 3764 tempore
728 3704 765 3750 nt.
781 3705 888 3752 oraculo.-
905 3705 951 3752 vid.
968 3707 1083 3768 Wopkens.
1102 3710 1127 3756 L.
1141 3709 1164 3756 T.
