2450 4478
393 373 470 438 um.
486 375 544 434 111.
560 373 651 435 cae.
666 375 694 432 s.
958 355 1017 433 'ras

57 531 151 598 illud
202 531 382 598 robabilius
407 533 540 612 videtur,
579 555 637 597 nec
661 541 821 617 praeterea
844 529 1017 615 quidquam

58 556 253 704 probahile.
299 622 353 682 34.
382 620 430 683 Ac
445 621 580 705 primum
593 619 627 682 in
642 617 703 682 hoc
721 617 892 682 Panaetius
912 617 1019 681 defen-

61 705 197 769 dendus
214 716 276 782 est,
301 704 389 789 quod
412 728 475 769 non
499 704 589 770 utilia
614 727 685 769 cum
708 702 849 768 honestis
875 725 1017 790 pugnare

61 790 250 877 aliquando
266 812 359 876 posse
373 790 485 856 dixerit
500 791 619 940 qpeque
635 789 718 853 enim
733 788 762 853 ei
785 789 832 853 las
847 790 940 876 erat),
964 789 1019 854 sed

63 899 120 954 ea,
148 899 235 976 quae
256 876 436 941 viderentur
458 877 506 941 uti
520 877 559 940 'a.
606 875 696 939 Nihil
722 895 796 938 vcro
820 874 907 952 utile,
934 875 1019 960 quod

63 985 139 1026 non
155 963 245 1026 idem
259 960 447 1041 honestum
469 962 549 1026 nihil
563 961 741 1038 honestum,
759 960 844 1045 quod
856 983 920 1024 non
934 960 1018 1025 idem

67 1047 157 1112 utile
187 1047 242 1126 sit,
267 1069 362 1132 saepe
386 1060 540 1113 testatur:
572 1058 730 1133 negatque
759 1046 857 1110 ullam
886 1045 1020 1133 pestem⁶

67 1135 233 1218 majorem
259 1132 292 1196 in
313 1133 410 1197 vitam
424 1133 587 1197 hominum
602 1132 763 1211 invasisse,
787 1153 883 1218 quam
899 1155 1017 1208 eorum,

69 1218 245 1306 opinione⁷
258 1219 317 1304 qui
337 1219 397 1284 ista
411 1219 621 1284 distraxerint.
669 1218 792 1303 Itaque,
817 1241 880 1281 non
903 1229 940 1282 ut
963 1218 1022 1282 ali-

70 1304 208 1390 quando
223 1315 485 1390 anteponeremus
501 1305 591 1369 utilia
606 1303 755 1382 honestis,
778 1303 835 1368 sed
850 1316 886 1369 ut
900 1327 937 1368 ea
951 1303 1018 1368 sine

71 1413 185 1454 errore
209 1389 460 1476 dijudicaremus,
484 1389 655 1476 siquando
677 1389 872 1466 incidissent,
896 1389 1021 1453 induxit

72 1497 161 1553 eam,
187 1498 271 1561 quae
286 1475 442 1542 videretur
456 1499 533 1555 esse,
550 1498 614 1539 non
629 1497 711 1560 quae
727 1489 819 1552 esset,
836 1496 1016 1562 repugnan-

73 1563 169 1626 tiam.
218 1561 314 1626 Hanc
328 1562 426 1648 igitur
439 1573 560 1649 partem
574 1560 716 1626 relictam
730 1561 936 1682 explebimus,
949 1560 1020 1623 nul-

74 1645 134 1712 lis⁸
148 1647 358 1725 adminiculis,
383 1648 447 1726 sed,
471 1660 507 1712 ut
522 1647 645 1724 dicitur,
665 1647 771 1712 Marte
799 1657 916 1709 nostro.
952 1644 1020 1709 Ne-

75 1755 145 1818 que
160 1733 247 1796 enim
261 1733 434 1818 quidquam
449 1734 487 1797 de
502 1733 561 1798 hac
576 1745 664 1820 parte
679 1744 751 1818 post
765 1729 953 1796 Panaetium
966 1754 1020 1794 ex-

76 1819 237 1904 plicatum
252 1829 311 1896 est,
335 1820 419 1904 quod
445 1819 572 1904 quidem
596 1818 674 1882 mihi
687 1819 881 1905 probaretur,
905 1815 944 1880 de
969 1816 1018 1894 iis,

77 1926 167 1989 quae
182 1903 216 1967 in
231 1926 343 1968 manus
357 1928 442 1970 meas
457 1905 610 1970 venerint.

130 1989 238 2055 VIII.
255 1994 308 2053 35.
328 1990 437 2064 Quum
451 1991 550 2077 igitur
560 1990 666 2076 aliqua
677 1989 797 2076 species
807 1987 954 2053 utilitatis
966 1989 1022 2054 ob-

77 2076 169 2161 jecta
185 2086 243 2152 est,
262 2076 462 2141 commoveri¹
474 2098 599 2141 necesse
609 2086 666 2140 est.
715 2075 780 2139 Sed
791 2076 827 2153 si,
841 2096 938 2160 quum
954 2075 1021 2138 ani-

80 2181 172 2224 mum
195 2160 374 2240 attenderis,
410 2172 460 2226 tur
482 2161 635 2226 itudinem
660 2160 765 2225 videas
786 2162 968 2247 adjunctam
993 2161 1022 2224 ei

80 2248 139 2325 rei,
165 2269 247 2332 quae
262 2247 398 2332 speciem
412 2185 559 2311 utilitatis
574 2245 715 2311 attulerit
725 2270 735 2322 ;
747 2260 815 2310 tum
824 2268 887 2309 non
900 2244 1020 2308 utilitas

81 2332 292 2418 relinquenda
306 2342 363 2410 est,
379 2333 433 2397 sed
449 2332 701 2420 intelligendum,
722 2332 778 2396 ubi
790 2329 952 2417 turpitudo
967 2331 1018 2408 sit,

81 2417 129 2483 ibi
144 2418 315 2482 utilitatem
330 2441 472 2482 essenon
488 2441 589 2505 posse.
638 2417 733 2492 Quod
747 2418 774 2480 si
788 2417 868 2481 nihil
887 2427 935 2480 est
955 2427 1021 2480 tam

83 2515 196 2569 contra
211 2515 365 2580 naturam,
389 2526 485 2590 quam
499 2502 662 2590 turpitudo
687 2504 788 2588 (recta
802 2502 886 2567 enim
900 2513 932 2566 et
947 2524 1022 2565 con-

83 2590 247 2654 venientia
257 2600 289 2652 et
301 2589 477 2654 constantia
491 2601 603 2654 natura
613 2589 767 2653 desiderat
778 2591 1022 2673 aspernaturque

84 2675 269 2758 contraria),
298 2674 441 2760 nihilque
470 2685 534 2739 tam
560 2673 731 2739 secundum
746 2685 899 2751 naturam,
923 2695 1020 2758 quam

84 2761 228 2835 utilitas3
250 2771 335 2824 certe
350 2761 382 2823 in
398 2761 506 2824 eadem
520 2783 553 2824 re
568 2760 687 2825 utilitas
713 2768 745 2822 et
771 2759 934 2845 turpitudo
955 2781 1023 2822 esse

83 2869 149 2910 non
164 2858 281 2933 potest.
330 2845 486 2931 Itemque,
510 2846 537 2910 si
552 2846 593 2910 ad
608 2845 804 2910 honestatem
820 2845 886 2910 nati
902 2866 1020 2921 sumus,

85 3041 132 3097 82,
144 3039 184 3088 27.
196 3042 244 3097 86„
255 3039 286 3085 iv.
300 3040 336 3086 18.
349 3041 395 3095 49..
406 3055 428 3084 v.
440 3040 478 3086 28.
488 3043 534 3098 83..
574 3041 697 3088 relativum
716 3041 794 3102 posito
805 3043 899 3102 egregia
919 3041 953 3088 vis
975 3049 1021 3094 est;

84 3109 113 3154 de
121 3107 152 3153 D.
164 3107 180 3152 i.
193 3108 232 3152 50.
243 3105 297 3151 113.
329 3099 365 3166 (⁶)
371 3105 406 3151 Cf.
412 3104 436 3150 ii.
448 3106 487 3152 al.
495 3105 533 3153 73.
575 3121 622 3166 qua
632 3107 762 3167 signiticare
773 3109 857 3166 potuit,
868 3109 929 3166 ipsas
938 3121 975 3153 res
983 3122 1024 3152 ua-

85 3187 131 3232 spr.
166 3167 200 3232 (⁷)
220 3172 257 3216 Ita
273 3171 377 3230 conjeciz
393 3171 455 3228 vulg.
468 3187 535 3232 quom
574 3180 627 3218 tura
638 3174 770 3218 cohaerere.
801 3171 833 3232 (⁸)
844 3175 881 3219 SIc
892 3186 946 3218 cum
957 3172 1026 3218 codd.

84 3252 160 3284 eoram
170 3238 304 3295 optatorum,
314 3237 402 3296 qai-.-
413 3234 441 3280 cf.
458 3235 480 3280 3.
498 3236 534 3284 ll.
573 3237 721 3283 scribendum
732 3237 842 3296 quidem:
861 3244 927 3298 potes
939 3245 1026 3293 tamen,

86 3316 141 3361 spa,
161 3301 223 3361 “qui
240 3301 342 3360 primum
364 3300 429 3355 haec,
451 3307 535 3346 natura
575 3302 665 3360 opinor,
677 3302 748 3348 etiam
757 3316 800 3361 pro
811 3303 896 3348 nullius
908 3303 1025 3362 acciperc;

85 3363 537 3426 cohaerentia,opioionedistraxissent;”
576 3367 696 3426 quomodo
707 3367 777 3412 etlam
789 3367 868 3427 aliquo
878 3365 1027 3426 proolr'cujas

87 3446 178 3478 necnon
193 3432 277 3477 lars.
290 3430 328 3476 ifr.
362 3430 399 3475 sic
410 3438 489 3475 autem
500 3446 536 3478 eo·
576 3431 664 3490 accipio
671 3431 788 3488 egodel).
797 3431 1027 3490 ii.3l.66.,olr'qaam

88 3512 144 3552 ram,
156 3497 180 3542 h.
193 3509 214 3541 e.
222 3497 252 3541 ab
260 3495 288 3541 iis
296 3495 433 3555 profectam,
445 3509 475 3540 sc.
484 3511 537 3556 pes-
575 3510 618 3555 pro
629 3493 728 3556 olr'cujas
738 3497 766 3542 de
777 3497 805 3542 F.
817 3497 841 3543 il.
853 3497 875 3542 2.
889 3498 910 3542 6.
944 3493 979 3556 (⁹)
987 3496 1025 3540 Cf.

88 3572 143 3617 tem,
152 3561 237 3607 codem
249 3561 299 3606 fere
306 3560 376 3605 modo
388 3560 475 3605 dictum
485 3561 537 3616 erit,
576 3560 678 3620 Philipp.
689 3561 712 3606 ii.
723 3559 761 3607 37.
778 3563 825 3617 95„
843 3563 857 3586 ‘¹
868 3561 930 3607 Rex.
939 3593 945 3606 .
953 3559 1022 3604 nullis

87 3642 141 3688 qno,
163 3625 228 3672 verbi
249 3639 325 3682 causa,
347 3638 434 3670 nomen
450 3625 539 3687 lajaria
578 3626 749 3672 commentariis
761 3624 1027 3672 Caesaris..saoMarte

87 3691 174 3754 passim
184 3690 315 3750 genitivum
331 3689 413 3749 reprit
428 3689 537 3737 activum.
578 3705 615 3738 res
626 3705 679 3737 suas
690 3691 858 3752 recuperavit.”

88 3759 142 3805 lam
154 3770 211 3803 vero
228 3755 253 3801 in
265 3753 359 3800 nomine
370 3755 472 3815 opinione
484 3764 538 3801 ante
613 3757 680 3804 VIII.
693 3753 724 3818 (¹)
737 3758 772 3803 Sc.
791 3756 900 3814 aliquem.
935 3749 970 3814 (²)
988 3751 1026 3797 Cf.
