2450 4478
219 339 274 396 110
546 330 605 391 DE
627 328 806 394 OFFICIIS

239 516 324 560 enus.
369 498 421 561 90.
437 490 502 556 Sed
523 500 591 555 toto
611 489 671 556 hoc
692 489 730 555 de
749 489 888 578 genere²,
906 490 944 554 de
959 489 1154 576 quaerenda,

215 518 255 645 de
265 577 444 644 collocanda
452 577 594 662 pecunia,
607 575 714 641 etiam³
728 575 766 640 de
781 576 908 654 utenda,
926 575 1157 641 commodiusa

216 665 403 750 quibusdam
417 662 556 748 optimis⁴
570 661 645 726 viris
659 661 699 726 ad
713 662 849 726 medium
865 662 998 726 Janum⁵
1013 662 1156 726 sedenti-

215 751 285 828 bus,
302 772 396 836 quam
410 749 450 813 ab
465 747 537 812 ullis
552 747 746 834 philosophis
758 747 824 812 ulla
833 747 866 811 in
876 747 996 826 schola,
1011 748 1157 834 disputa-

215 849 276 901 tur.
325 835 408 899 Sunt
419 847 523 899 tamen
534 857 571 898 ea
582 856 619 897 co
667 832 819 899 oscendav:
842 831 1157 919 pertinentenimad

215 921 395 999 utilitatem,
409 920 446 985 de
458 942 521 1006 qua
530 919 589 984 hoc
603 919 627 982 h
650 941 685 983 ro
699 918 890 1006 disputatum
906 931 964 984 est.
1015 919 1158 1004 Reliqua

216 1006 362 1094 deinceps
376 1028 607 1093 persequemur.
1194 993 1195 1044 1

595 1200 773 1236 -ο-

474 1387 624 1451 LIBER
656 1387 754 1452 TER
764 1387 819 1451 TI
822 1387 853 1451 U
857 1388 892 1451 S.

263 1562 290 1625 1.
316 1561 354 1625 P.
382 1557 600 1634 Sermonum,
631 1556 740 1620 Marce
764 1556 820 1634 fili,
846 1579 929 1634 eum,
952 1558 1010 1642 qui
1033 1560 1154 1644 primus
1194 1557 1195 1572 ¹

220 1648 385 1712 Africanus
394 1645 570 1731 appellatus
579 1643 642 1719 sit²‚
655 1642 757 1707 dicere
768 1643 906 1721 solitum,
920 1644 1049 1729 scripsit
1059 1647 1150 1723 Cato,

218 1733 273 1819 qui
287 1733 347 1797 fuit
356 1734 424 1819 ejus
439 1732 503 1794 fere
515 1729 662 1814 aequalis,
673 1751 842 1812 numquam
851 1753 884 1793 se
896 1732 1004 1793 minus
1015 1736 1150 1796 otiosum

219 1843 295 1896 esse,
319 1840 413 1903 qnam
435 1838 528 1900 qaum
548 1819 668 1879 otiosas
680 1837 692 1888 ;
714 1835 770 1878 aec
796 1817 1030 1892 manuciolum,
1058 1840 1149 1900 quom

219 1927 313 1988 qnam
324 1906 410 1966 solus
421 1911 510 1964 esset.
557 1900 744 1986 Magnifica³
755 1922 828 1964 vero
839 1923 902 1963 vox
914 1912 945 1964 et
954 1923 1075 1988 magno
1086 1903 1149 1965 viro

220 2013 256 2054 ac
279 1988 417 2073 sapiente
436 1984 548 2070 dignai
572 2006 651 2068 quae
665 1985 812 2062 declarat,
829 1985 920 2049 illurn
935 1998 968 2050 et
982 1987 1016 2050 in
1032 1987 1099 2052 otio
1113 1988 1149 2051 de

219 2073 354 2162 negotiis
369 2070 507 2157 cogitare
517 2079 548 2132 et
559 2070 592 2132 in
604 2070 770 2135 solitudine
780 2094 887 2136 secum
897 2072 986 2156 loqui
1001 2073 1147 2148 solitum3

220 2173 256 2225 ut
278 2180 378 2244 neque
401 2164 534 2220 cessaret
552 2177 700 2240 umquam
715 2168 746 2220 et
760 2157 917 2222 interdum
932 2159 1090 2244 colloquio
1105 2161 1147 2224 al-

219 2247 316 2311 terius
332 2266 394 2307 non
404 2252 521 2328 egeret.
568 2241 681 2326 Itaque
696 2244 775 2307 duae
790 2267 849 2321 res,
867 2266 948 2329 quae
963 2244 1014 2307 lan
1041 2268 1145 2309 uorem

222 2333 355 2398 afferunt
379 2327 499 2402 ceteris,
525 2326 614 2390 illum
637 2329 801 2407 acuebant,
819 2329 918 2394 otium
940 2340 972 2393 et
987 2269 1145 2395 soiitudoi

225 2418 349 2483 Vellem
374 2413 464 2477 nobis
489 2413 549 2476 hoo
574 2413 656 2476 idern
678 2436 750 2478 vere
773 2415 874 2479 dicere
889 2415 1018 2480 liceret:
1043 2417 1105 2493 scd,
1122 2417 1145 2479 si

221 2506 323 2567 minus
342 2499 515 2564 imitatione
535 2509 656 2562 tantam
669 2499 790 2586 ingenii
803 2501 1028 2586 praestantiam
1043 2524 1145 2566 conse-

222 2589 278 2674 qui
303 2607 479 2674 possumus,
505 2585 667 2649 voluntate
690 2597 773 2649 certe
797 2586 937 2672 proxime
960 2588 1143 2651 accedimus.

224 2675 309 2739 Nam
324 2683 355 2736 et
370 2695 389 2736 a
403 2695 436 2736 re
451 2670 577 2757 publica
586 2670 823 2757 forensibusque
838 2672 974 2758 negotiis
989 2673 1081 2737 armis
1091 2675 1144 2736 im-

222 2762 280 2848 piis
304 2759 397 2843 vique
419 2756 568 2844 prohibiti
592 2755 691 2820 otium
712 2757 938 2842 persequimur,
963 2770 996 2822 et
1022 2760 1145 2824 obeam

223 2867 357 2922 causam,
365 2845 442 2909 urbe
452 2843 856 2929 relicta,ruraperagrantes
866 2866 959 2930 saepe
968 2844 1144 2908 solisumus.

224 2939 254 2997 2.
281 2930 344 2996 Sed
365 2953 422 2995 nec
446 2929 545 2992 otium
567 2926 627 2990 hoo
654 2951 725 2992 curn
747 2929 886 2993 Africani
909 2930 984 3006 otio,
1001 2953 1059 2994 nec
1072 2930 1144 2995 haee

223 3016 359 3083 solitudo
374 3038 446 3079 oum
459 3014 515 3078 illa
530 3013 736 3099 comparanda
747 3025 804 3079 est.
837 3015 897 3078 llle
908 3015 1001 3094 enim,
1015 3017 1144 3102 requies-

224 3193 405 3240 Beru.3.vellem
413 3190 544 3237 etiamdeu.
561 3188 592 3235 At
600 3189 668 3248 quid·
708 3191 746 3237 Sic
758 3191 816 3250 Reg.
825 3205 914 3246 omnes,
925 3191 979 3237 item
990 3207 1069 3246 meus;
1085 3194 1141 3252 vulg.

225 3261 249 3306 ni
267 3265 374 3317 poterant
388 3255 506 3316 pecuniosi
520 3253 559 3302 isti
580 3255 668 3314 aliquid
706 3262 758 3302 est:
782 3256 810 3302 cf.
829 3272 872 3316 pro
890 3257 955 3303 Raso.
975 3258 1029 3302 Am.
1047 3259 1081 3303 25.
1099 3256 1141 3312 70.,

224 3325 295 3370 etiam
304 3323 332 3368 de
341 3322 428 3367 utenda
436 3321 457 3384 11
468 3317 499 3382 (⁴)
506 3321 540 3366 Cf.
550 3321 577 3366 de
586 3321 613 3365 F.
620 3319 636 3365 i.
646 3318 667 3367 7.
707 3323 721 3346 ‘¹
732 3321 788 3381 Ejus
807 3336 875 3382 porro
891 3321 991 3367 civitatis
1008 3323 1140 3382 sapientissi-

225 3392 272 3444 25,
281 3389 296 3413 “
307 3385 420 3432 Homines
431 3387 510 3445 optimi
522 3400 567 3430 non
579 3384 666 3430 intelli·
707 3401 769 3432 mum
784 3387 890 3432 Solonem
902 3387 983 3432 dicunt
998 3386 1073 3443 fuisse,
1083 3403 1139 3442 eum,

224 3451 344 3513 gunt-W
362 3451 421 3496 adde
437 3451 556 3510 prodiere.
575 3451 627 3496 Am.
645 3449 666 3496 8.
707 3452 747 3510 qui
770 3452 839 3510 leges,
862 3453 945 3512 quibus
968 3453 1037 3498 hodie
1055 3467 1138 3514 quoque

224 3515 601 3576 23.‚3o.104.,ersupra1.2.
635 3512 667 3576 (⁵)
706 3523 812 3573 utuntur,
829 3518 969 3576 scripserit.'’
1003 3518 1060 3564 Vide
1075 3518 1138 3564 etiam

225 3588 291 3640 Hor„
312 3581 417 3628 “Omnis
433 3595 470 3626 res
480 3594 533 3626 mea
543 3581 669 3627 Janumad
706 3581 818 3630 Distrieb.
837 3581 929 3640 Quaeso
949 3583 1048 3638 Gratum.
1064 3597 1085 3642 p.
1102 3583 1137 3628 ³8.

223 3653 321 3699 mediam
331 3648 405 3694 fracta
416 3645 474 3691 est.¹'
706 3660 740 3706 sq.
774 3645 804 3706 (³)
818 3647 855 3692 cf.
867 3648 895 3693 de
911 3647 942 3693 D.
954 3647 969 3692 i.
984 3649 1003 3693 l.
1019 3650 1046 3702 1.,
1056 3651 1069 3673 “
1077 3649 1137 3708 Mog-

257 3709 598 3777 1.(¹)ctdeuep.i.tt.2t.
632 3706 665 3770 (⁸)
706 3711 965 3773 aificaquaedamresJ'
994 3709 1029 3774 (⁴)
1038 3713 1136 3760 Poterant
