2450 4478
366 393 444 459 LIB.
470 394 526 454 111.
553 395 706 455 CAP.13.
947 398 1006 457 1³1¹

38 574 155 640 neque
174 577 246 642 ego
264 575 352 617 nunc
368 563 398 618 te
412 553 489 632 celo,
507 555 534 618 si
549 554 607 619 tibi
622 577 684 618 non
699 555 780 634 dico,
797 577 878 641 quae
893 565 1004 620 natura

39 640 189 704 deorum
219 639 276 717 sit,
301 639 357 725 qui
382 638 422 704 sit
444 639 515 704 finis
537 640 711 717 bonorum3
745 664 825 727 quae
849 641 907 707 tibi
931 642 1003 728 plus

40 725 252 810 prodessent
280 725 419 812 cognita,
447 748 543 811 quam
569 726 664 791 tritici
692 726 828 792 vilitas⁸r
852 728 905 792 sed
927 750 1001 803 non,

40 811 219 898 quidquid
242 809 304 876 tibi
326 809 430 874 audire
452 811 530 875 utile
553 824 610 889 est,
626 811 657 874 id
671 812 747 876 mihi
763 812 864 879 dicere
879 836 1004 878 necesse

41 911 109 962 est.
143 902 209 962 53.
228 905 252 938 “
269 896 372 960 Immo
387 898 492 974 vero,”
508 898 630 982 inquiet
643 896 708 975 ille,
728 908 887 963 “necesse
901 911 960 977 est,
977 899 1004 963 si

43 981 206 1067 quidem⁹
217 981 400 1058 meministi,
411 1004 478 1046 esse
487 981 569 1046 inter
578 981 722 1048 homines
731 996 843 1049 natura
853 986 1003 1050 con'unc·

44 1081 116 1132 tam
134 1068 362 1133 societatem.’'
387 1076 409 1107 ‘⁴
423 1067 589 1146 Memini,'’
601 1067 724 1154 inquiet
738 1070 811 1134 ille:
830 1080 851 1111 “
864 1007 923 1134 sed
929 1093 1004 1134 num

45 1154 114 1220 ista
140 1155 286 1218 societas
312 1152 382 1217 talis
408 1165 466 1231 est,
493 1165 528 1216 ut
555 1153 632 1217 nihil
655 1177 746 1218 suum
768 1159 920 1242 cujusque
935 1158 1002 1221 sit?

47 1239 144 1324 quod
157 1239 189 1304 si
198 1239 270 1303 ita¹⁰
281 1250 340 1316 est,
348 1262 387 1302 ne
397 1238 616 1303 vendendum¹¹
627 1241 755 1325 quidem
762 1242 934 1329 quidquam
944 1254 1003 1320 est,

49 1325 110 1390 sed
127 1324 353 1390 donandum.''

102 1411 225 1476 XIII.
252 1409 362 1488 Vides,
384 1410 418 1474 in
442 1410 501 1475 hac
523 1421 590 1476 tota
611 1410 837 1498 disceptatione
851 1435 914 1477 non
929 1413 1007 1479 illud

52 1496 133 1575 dici,
152 1495 316 1570 Quamvis
328 1495 387 1560 hoc
400 1508 434 1560 tu
473 1519 490 1559 e
504 1497 556 1574 sit,
574 1508 688 1575 tumen,
705 1499 854 1583 quoniam
866 1499 1004 1585 expedit,

53 1582 190 1648 faciam¹
204 1605 213 1658 ;
237 1581 294 1646 sed
308 1582 352 1646 ita
366 1519 533 1667 experdird,
547 1595 583 1648 ut
595 1597 685 1671 turpe
696 1584 810 1648 nonsit
822 1607 830 1646 z
854 1607 894 1647 ex
909 1584 1007 1649 altera

55 1681 173 1734 autem
189 1681 292 1753 parte,
310 1689 347 1731 ea
361 1690 404 1745 re,
417 1667 491 1752 quia
500 1679 591 1754 turpe
603 1669 655 1747 sit,
666 1692 729 1733 non
741 1668 1005 1733 essefaciendum.

56 1759 115 1822 54.
139 1752 292 1818 Vendat²
301 1752 392 1818 aedes
401 1753 450 1818 vir
461 1753 561 1818 bonus
571 1767 698 1841 propter
707 1754 814 1854 aliqua
828 1754 915 1831 vitia,
926 1776 1007 1840 quae

57 1840 130 1925 ipse
140 1838 242 1916 norit,
257 1839 353 1903 ceteri
362 1839 527 1926 ignorent:
551 1841 731 1925 pestilentes
743 1854 817 1916 srnt,
829 1851 861 1903 et
872 1839 1008 1904 habean-

57 1939 114 1989 tur
123 1925 292 1990 salubres:
315 1923 486 2011 ignoretur,
499 1924 533 1987 in
542 1925 686 1990 omnibus
698 1925 850 1990 cubiculis
860 1945 1008 2011 apparere

59 2022 231 2097 serpentes
244 2033 252 2085 ;
270 2009 350 2074 male
359 2011 551 2087 materiatae,
563 2011 737 2076 ruinosae³r
754 2012 808 2077 sed
818 2011 877 2076 hoc
887 2024 1009 2098 praeter

61 2097 234 2160 dominum
260 2117 352 2159 nemo
377 2095 465 2160 sciat.
513 2097 651 2175 Quaero,
680 2098 706 2162 si
729 2097 808 2164 haec
834 2097 1005 2163 emtoribus

62 2182 216 2247 venditor
225 2203 289 2244 non
299 2181 420 2258 dixerit,
435 2181 589 2267 aedesque
601 2183 775 2248 vendiderit
787 2182 884 2270 pluris
895 2183 1005 2263 multo,

63 2290 165 2354 quam
181 2289 215 2331 se
231 2266 442 2331 venditurum⁴
453 2269 583 2353 putarit,
594 2291 670 2331 num
684 2269 730 2332 id⁵
744 2270 860 2355 injuste
875 2268 942 2332 aut⁶
951 2270 1008 2332 im-

63 2354 172 2438 probe
199 2352 339 2417 fecerit?
382 2357 436 2416 55.
461 2361 483 2393 ‘⁴
500 2353 558 2417 lIIe
580 2355 688 2431 vero,”
705 2354 811 2439 inquit
827 2353 1005 2439 Antipater.

67 2438 199 2514 “Quid
223 2450 272 2502 est
294 2438 377 2502 enim
398 2437 507 2515 aliud,
526 2439 641 2503 erranti
657 2440 739 2512 viam
760 2463 823 2504 non
838 2454 1008 2504 monstrare

67 2525 173 2611 (quod
191 2522 328 2588 Athenis
343 2524 607 2589 exsecrationibus
618 2524 754 2611 publicis
763 2525 920 2591 sanctum⁸
931 2530 1006 2610 est),

66 2611 95 2676 si
109 2609 172 2675 hoc
188 2632 253 2674 non
269 2620 328 2686 est,
345 2621 495 2674 emtorem
516 2610 582 2695 pati
604 2632 694 2674 ruere
709 2621 742 2674 et
757 2633 813 2710 per
828 2635 961 2678 errorem
975 2611 1008 2676 in

66 2698 243 2761 maximam
258 2694 397 2758 fraudem
411 2696 590 2760 incurrere?
636 2695 715 2760 Plus
729 2707 825 2761 etiam
839 2712 897 2774 est,
913 2720 1009 2784 quam

68 2782 156 2846 viam
166 2803 233 2846 non
245 2791 417 2845 monstrare
431 2805 438 2845 ε
459 2803 533 2844 nam
547 2793 595 2845 est
609 2781 760 2845 scientem
771 2782 804 2846 in
816 2808 949 2851 errorem
963 2784 1009 2849 al·

68 2879 173 2932 terum
182 2866 362 2930 inducere.’'
395 2866 560 2953 Diogenes
572 2879 702 2932 contra:
727 2868 851 2935 “Num
867 2883 898 2938 te
908 2893 1009 2935 emere

70 3071 140 3109 rator.
177 3056 213 3122 (Β)
226 3059 308 3106 Mallet
319 3059 371 3120 quis
387 3060 442 3107 addi
459 3061 520 3116 tetta,
594 3061 665 3108 XIII.
676 3056 711 3123 (¹)
724 3061 794 3120 Nota,
813 3073 866 3124 post
884 3066 938 3120 δὲοὶ,
950 3064 1008 3112 alte·

70 3143 141 3187 quam
152 3127 213 3173 baec
225 3139 317 3186 quoque
329 3127 359 3170 ad
371 3126 414 3172 titt
429 3125 521 3171 referri.
561 3140 614 3171 rum
624 3128 720 3172 verbum
728 3135 832 3176 erectum
841 3130 1009 3192 poni,alterum

71 3193 134 3238 Leve
162 3191 210 3237 hoc
232 3190 327 3250 quidem
349 3186 523 3254 ἀκυρολογίας
562 3191 708 3237 inclinatum.
732 3188 765 3254 (⁹)
776 3193 794 3239 1.
803 3210 824 3240 e.
834 3203 892 3256 puta
901 3196 1009 3242 vendere.

71 3257 217 3317 exemplum,
233 3256 253 3300 si
271 3255 330 3300 illud
346 3264 443 3314 spectes,
456 3256 522 3302 Ture.
562 3251 596 3316 (³)
606 3256 669 3302 Nota
677 3259 881 3316 synchysinrnam
890 3260 948 3306 haec
955 3274 1008 3306 cum

71 3323 87 3368 i.
98 3323 138 3368 46.
152 3321 218 3376 110..
229 3320 315 3366 “Ante
327 3320 470 3366 Salaminam
485 3321 522 3379 ip·
561 3320 607 3366 illis
626 3322 707 3380 utique
724 3337 795 3382 supra
810 3325 932 3386 jungenda
946 3334 1009 3381 sunt,

72 3401 122 3433 sam
133 3386 259 3446 Neptunus
269 3387 359 3440 obruet,
371 3399 441 3444 quam
456 3385 521 3431 Sala·
558 3387 828 3444 pernumerentur.
875 3390 909 3452 (⁴)
926 3390 972 3451 Np.
989 3391 1009 3436 si

72 3451 140 3498 minii
159 3449 251 3510 tropaei
269 3450 420 3496 mamertum.'’
454 3450 521 3507 Quis,
562 3449 664 3495 dixisset
698 3448 731 3512 (⁵)
742 3451 802 3497 Vide
814 3453 842 3498 ad
865 3454 900 3499 10.
912 3453 950 3500 40.
962 3469 1010 3515 pr.

74 3530 169 3576 quaeso,
178 3516 208 3561 dc
215 3514 327 3575 Neptuno
335 3522 412 3575 potest
419 3515 520 3574 cogitare
562 3508 594 3574 (⁶)
612 3515 665 3560 Vid.
684 3514 768 3562 Matth.
786 3518 867 3564 ador.
884 3533 927 3578 pro
943 3519 1009 3565 ane.

77 3581 145 3628 istius
165 3580 277 3627 victoriae
297 3579 434 3626 memorIam
453 3581 522 3626 obrn-
564 3581 616 3624 Am.
629 3581 667 3625 21.
680 3580 728 3636 59,
742 3581 816 3628 Kritz.
833 3586 862 3628 ad
875 3584 969 3629 Sallust.
983 3583 1008 3628 0.

75 3646 148 3692 enter
183 3643 219 3692 Cf.
231 3645 262 3691 ad
273 3644 288 3690 i.
300 3645 337 3690 ³8.
351 3646 403 3690 136.
416 3658 461 3702 pr.
489 3640 523 3705 (⁹)
563 3658 586 3704 p.
603 3644 654 3690 124.
690 3643 721 3705 (⁷)
742 3646 779 3692 cf.
798 3647 823 3693 ii.
841 3649 879 3693 23.
897 3646 935 3692 83.
948 3655 1008 3693 extr.

77 3711 177 3758 Videad
194 3709 209 3756 i.
224 3711 263 3756 21.
276 3707 371 3770 ibspr.
404 3705 449 3770 (¹⁰)
462 3710 521 3756 Vide
562 3723 608 3768 apr.
643 3704 675 3768 (Β)
696 3710 733 3757 Sic
750 3726 792 3773 pro
810 3713 922 3759 sancitam
937 3711 1008 3756 ettam

77 3776 108 3822 ad
120 3776 156 3823 15.
167 3775 207 3823 62.
218 3775 257 3822 in.
292 3770 500 3835 (¹¹)Np.oumiirn.
561 3773 798 3832 in.16.65.,17.69.
821 3774 1008 3838 (⁹)Sc.domus;
