2450 4478
214 361 269 418 124
557 357 615 418 DE
637 357 818 420 OFFlCllS

213 539 313 604 eaque
327 527 383 581 aut
397 518 463 583 sola
477 517 653 604 expetenda
667 529 725 596 est,
749 529 787 584 ut
812 517 934 582 Zenoni
960 517 1066 582 visum
1094 528 1154 594 est,

214 617 269 669 aut
285 615 368 668 certe
384 603 469 666 omni
484 603 620 688 pondere
634 605 772 690 gravior2
785 602 940 681 habenda,
966 625 1065 689 quam
1081 603 1157 666 reli·
1222 605 1223 646 i

215 689 408 776 quaomnia,
432 688 517 774 quod
535 688 698 753 Aristoteli
714 690 817 775 placet
830 714 838 766 3
855 711 982 754 necesse
995 699 1055 766 est,
1070 688 1157 774 quod

213 775 379 838 honestum
396 774 447 850 sit,
465 774 496 838 id
507 797 575 838 esse
589 785 645 838 aut
660 776 760 840 solum
773 786 828 840 aut
838 798 996 840 summum
1009 775 1155 839 bonum:

213 859 299 946 quod
313 871 419 924 autem
434 861 564 936 bonum,
587 860 621 923 id
631 873 715 926 certe
731 861 830 926 utile:
852 862 907 938 ita,
924 860 1085 946 quidquid
1099 859 1158 924 ho-

214 957 350 1023 nestum,
367 946 398 1010 id
410 945 498 1010 utile.
543 947 596 1010 36.
611 947 719 1021 Quare
734 969 817 1012 error
827 947 990 1011 hominum
1004 969 1071 1009 non
1083 967 1157 1031 pro·

214 1032 325 1096 borum
340 1053 439 1117 quum
453 1031 581 1117 aliquid,
605 1033 690 1117 quod
705 1032 782 1098 utile
801 1033 904 1098 visum
919 1044 977 1110 est,
1005 1033 1068 1095 arri
1095 1031 1155 1105 uit,

214 1117 246 1181 id
257 1117 407 1181 continuo
423 1116 556 1182 secernit
573 1117 614 1182 ab
638 1117 781 1184 honesto.
828 1118 914 1184 Hinc
938 1055 1157 1195 sicae³,l1inc

215 1225 345 1280 venena,
370 1203 444 1268 hinc
460 1203 537 1268 falsa
547 1213 735 1268 testamenta
749 1215 919 1269 nascuntur
932 1203 1040 1279 ,hinc
1053 1204 1154 1278 furta,

215 1290 389 1374 peculatus,
425 1288 631 1375 expilationes
658 1289 912 1376 direptionesque
936 1289 1097 1353 sociorum
1122 1300 1157 1352 et

215 1374 331 1439 civium
342 1399 350 1450 ;
363 1374 437 1439 hinc
449 1397 545 1462 opum
555 1375 720 1438 nimiarum
730 1376 901 1461 potentiae⁴
911 1397 975 1438 non
987 1373 1154 1438 ferendae:

214 1472 374 1545 postremo
389 1461 484 1526 etiam
507 1461 539 1524 in
565 1459 671 1524 liberis
686 1461 866 1526 civitatibus
880 1460 1038 1548 regnandi
1052 1461 1156 1524 exsis-

215 1557 288 1611 tunt
309 1548 505 1634 cupiditates,
530 1547 646 1632 quihus
659 1547 738 1611 nihil
753 1570 813 1610 nec
827 1546 939 1612 tetrius
954 1569 1013 1610 nec
1029 1545 1155 1610 foedius

214 1634 388 1733 excogitari
422 1645 514 1699 otest.
548 1631 771 1697 Emolumenta
780 1633 862 1697 enim
872 1655 976 1696 rerum
985 1631 1155 1696 fallacibus

210 1720 337 1804 judiciis
352 1720 383 1785 vi
405 1731 476 1784 ent:
490 1741 635 1805 poenam,
648 1740 711 1781 non
727 1719 795 1783 dico
807 1719 924 1806 legum,
938 1717 1048 1803 quam⁵
1058 1740 1155 1803 saepe

214 1805 443 1891 perrumpuntl,
457 1804 512 1868 sed
520 1804 618 1890 ipsius
628 1804 838 1890 turpitudinis,
856 1826 936 1889 quae
951 1803 1154 1868 acerbissima

214 1902 272 1968 est,
297 1912 359 1953 non
376 1890 494 1954 vident.
540 1891 592 1956 37.
623 1890 837 1964 Quamobrem
852 1889 913 1954 hoc
928 1889 1058 1974 quidem
1073 1888 1153 1953 deli-

214 1974 390 2039 berantium
405 1997 507 2060 genus
520 1974 656 2059 pellatur
681 1999 699 2038 e
726 1975 826 2039 medio
851 1977 915 2061 (est
938 1975 1023 2039 enim
1047 1985 1152 2038 totum

216 2060 401 2125 sceleratum
417 2071 449 2123 et
471 2059 630 2145 impium),
649 2061 716 2145 qui⁷
732 2061 916 2138 deliberant,
939 2072 1048 2124 utrum
1059 2059 1091 2124 id
1105 2082 1154 2123 se-

215 2157 362 2230 quantur,
388 2144 472 2230 quod
487 2144 655 2209 honestum
670 2169 739 2211 esse
755 2147 891 2224 videant,
910 2169 949 2210 an
966 2167 1000 2211 se
1015 2146 1154 2210 scientes

213 2231 329 2295 scelere
344 2230 576 2295 contaminent:
589 2232 620 2294 in
636 2231 704 2318 ipsa
713 2232 795 2296 enim
810 2229 1021 2297 dubitatione⁸
1031 2232 1154 2297 facinus

214 2319 306 2396 inest,
331 2317 426 2381 etiam
441 2317 467 2380 si
481 2316 522 2380 ad
535 2315 566 2379 id
581 2339 644 2380 non
659 2318 869 2403 pervenerint.
918 2317 1008 2404 Ergo
1023 2340 1062 2382 ea
1076 2316 1152 2382 deli—

218 2403 356 2467 beranda
371 2401 498 2466 omnino
514 2425 576 2466 non
592 2414 678 2480 sunt,
702 2404 736 2466 in
759 2403 873 2489 quibus
897 2415 945 2466 est
969 2403 1071 2488 turpis
1084 2403 1154 2490 ipsa

215 2487 409 2554 deliberatio.
456 2490 562 2575 Atque
577 2489 673 2553 etiam
698 2513 739 2553 ex
763 2489 847 2553 omni
862 2488 1086 2553 deliberatione
1102 2510 1152 2554 ce-

215 2573 300 2637 landi
329 2587 361 2637 et
391 2574 568 2639 occultandi
592 2596 662 2660 spes
685 2574 854 2660 opinioque
879 2575 1071 2639 removenda
1093 2585 1150 2640 est.

219 2659 303 2724 Satis
318 2660 402 2723 enim
413 2660 514 2739 nobiS,
539 2660 565 2724 si
581 2660 675 2724 modo
686 2661 718 2724 in
730 2659 931 2746 philosophia
945 2659 1066 2745 aliquid
1081 2683 1151 2746 pro·

215 2745 357 2823 fecimuS,
382 2768 565 2831 persuasum
580 2768 648 2810 esse
662 2745 766 2823 debet,
791 2747 818 2810 si
839 2768 947 2810 omnes
961 2744 1036 2809 deos
1052 2745 1150 2810 homi·
1222 2735 1223 2828 l

215 2853 333 2915 nesque
358 2832 458 2896 celare
473 2834 639 2917 possimus,
664 2831 743 2895 nihil
759 2844 863 2896 tamen
878 2853 982 2908 avare,
1006 2831 1086 2894 nihil
1104 2833 1150 2896 in·
1222 2829 1223 2888 ἶ

212 2917 308 3000 juste,
340 2916 421 2981 nihil
445 2917 619 2996 libidinose,
654 2917 731 2981 nihil
755 2918 987 2982 incontinenter
1013 2939 1081 2981 esse
1105 2918 1149 2981 fa-

216 3002 372 3066 ciendum.

262 3088 330 3154 IX.
358 3093 417 3154 38.
438 3089 524 3153 Hinc
548 3089 602 3153 ille
631 3087 744 3176 Gyges
770 3087 928 3153 inducitur
952 3109 971 3151 a
996 3087 1147 3162 Platone;
1222 3137 1223 3142 1

216 3173 280 3258 qui,
305 3195 404 3258 quum
425 3187 507 3240 terra
527 3174 727 3240 discessisset¹
743 3174 867 3262 magnis
889 3173 1078 3260 quibusdam
1092 3174 1148 3237 im-

216 3349 346 3408 3.ll.spr.
381 3347 660 3412 (³)ctdeN.D.iii.3o.
700 3363 777 3411 parur.
812 3344 846 3412 (⁶)
861 3349 897 3396 ct.
917 3350 945 3396 de
960 3349 988 3394 L.
1007 3347 1031 3396 ἰί.
1052 3347 1087 3396 17.
1104 3349 1148 3404 43,

216 3417 262 3470 tt..
283 3413 319 3458 ifr.
334 3416 369 3459 18.
383 3414 421 3462 73.
455 3413 554 3478 (⁴)Vid.
576 3416 661 3464 Matrh.
701 3417 717 3441 “
721 3413 815 3476 judicia
825 3421 936 3474 perrupta
952 3417 981 3459 ab
993 3413 1098 3459 iisdem.¹'
1115 3411 1147 3476 (⁷)

216 3481 246 3525 ad
261 3495 293 3525 or.
307 3482 332 3524 r'n
349 3480 418 3526 Catil.
436 3481 452 3527 ἱ.
464 3481 487 3528 7.
510 3482 545 3526 18.
579 3478 611 3542 (⁵)
625 3481 662 3527 Sic
704 3481 723 3527 1.
736 3495 756 3527 e.
768 3482 831 3539 quod
843 3489 877 3526 est
896 3493 976 3525 eorum
993 3479 1087 3538 qui-z
1104 3480 1146 3524 rid.

215 3546 295 3598 codd.;
312 3560 343 3591 sc.
355 3559 468 3604 poenam:
486 3547 548 3604 vulg.
560 3561 664 3608 quaese,
705 3547 790 3591 Manu.
803 3547 832 3590 ad
844 3560 877 3591 or.
897 3546 921 3590 in
934 3544 1004 3590 Catil.
1021 3543 1045 3589 ii.
1059 3544 1093 3588 lo.
1110 3543 1146 3588 21.

217 3613 291 3670 leges:
310 3623 333 3656 at
345 3610 402 3656 nihil
414 3609 498 3656 attinet
510 3625 612 3666 monere,
624 3625 664 3658 eos
705 3606 738 3672 (Β)
751 3611 788 3656 Cf.
800 3609 815 3656 i.
827 3611 849 3656 9.
862 3611 900 3654 30.
912 3620 970 3655 extr.

215 3692 284 3737 saepe
306 3677 369 3734 leges
390 3690 548 3735 perrumpere,
564 3690 664 3734 quorum
737 3675 780 3722 IX.
804 3671 838 3736 (¹)
860 3674 896 3720 Cf.
911 3675 939 3720 de
958 3674 988 3719 D.
1007 3672 1023 3719 i.
1043 3673 1081 3720 4³.
1101 3672 1145 3727 97..

216 3750 264 3788 tora
275 3743 323 3789 vita
334 3743 358 3790 in
370 3741 483 3788 violandis
495 3741 585 3800 legibus
595 3755 663 3788 occu·
704 3740 719 3765 ‘⁶
728 3755 800 3802 quum
820 3740 910 3788 coelum
928 3740 1057 3786 discessisse
1077 3737 1145 3785 risum

898 3951 1001 4116 Χ.
