2450 4478
232 333 287 392 112
587 336 643 396 DE
663 335 836 398 OFFICIIS

276 495 323 561 11.
347 500 379 560 5.
412 495 486 574 Sed,
514 517 612 582 quum
637 505 705 562 tota
728 495 937 584 philosophia,
964 497 1010 562 mi
1037 498 1176 575 Cicero,

229 582 379 668 frugifera
391 591 424 645 at
439 581 598 646 fructuosa
611 605 669 648 nec
683 581 749 647 ulla
763 605 834 669 pars
849 584 916 670 ejus
927 584 1051 650 inculta
1068 607 1112 650 ac
1125 585 1179 648 de-

229 679 311 732 serta
324 666 387 744 sit¹,
403 678 471 731 tum
485 667 591 734 nullus
605 668 734 734 feracior
744 669 777 732 in
792 693 829 734 ea
844 669 932 735 locus
947 681 997 734 est
1013 694 1079 736 uec
1095 671 1178 734 ube·

228 754 300 830 rior,
317 775 410 902 qqram
425 751 475 818 de²
490 752 610 830 officiis,
624 754 765 838 aquibus
774 766 953 820 constanter
967 755 1177 840 honesteque

229 838 320 902 viven
344 838 351 852 '
379 850 545 926 praecepta
569 838 736 904 ducuntur.
783 841 898 915 Quare,
927 864 1135 927 quamquam
1160 864 1178 905 a

232 923 383 1010 Cratippo
395 937 512 1002 nostro,
524 924 663 1011 principe
672 925 767 1012 hujus
778 928 945 991 memoriae
957 927 1175 1014 philosopho-

228 1032 307 1088 rum,
333 1009 410 1074 haec
434 1022 465 1075 te
490 1010 613 1076 assidue
635 1009 741 1075 audire
763 1022 858 1097 atque
871 1013 1014 1099 accipere
1030 1013 1172 1090 confido,
1199 1040 1200 1070 r

229 1109 334 1160 tamen
349 1096 521 1163 conducere
543 1095 686 1174 arbitror,
710 1096 826 1162 talibus
840 1121 931 1162 aures
946 1111 1019 1164 tuas
1035 1099 1173 1164 vocibus

229 1180 366 1267 undique
387 1183 633 1256 circumsonare;
656 1204 714 1248 nec
736 1206 798 1261 eas,
815 1184 841 1248 si
861 1183 928 1248 fieri
944 1185 1057 1270 possit,
1078 1185 1173 1270 quid·
1199 1203 1200 1264 l

229 1290 323 1352 quam
338 1268 422 1334 aliud
436 1268 554 1333 audire.
598 1269 629 1332 6.
656 1268 752 1342 Quod
761 1291 858 1354 quum
871 1271 1019 1335 omnibus
1032 1283 1085 1336 est
1095 1272 1172 1335 faci·
1199 1267 1200 1272 ’

228 1355 353 1431 endum,
382 1356 437 1440 qui
462 1354 560 1418 vitam
584 1353 746 1420 honestam
768 1355 888 1442 ingredi
914 1357 1074 1476 copitant,
1098 1369 1171 1424 tum
1199 1425 1200 1436 ,

227 1439 312 1504 haud
335 1440 410 1520 scio,
436 1463 475 1504 an
501 1439 632 1504 nemini³
646 1439 760 1525 potius,
778 1462 874 1525 quam
888 1441 969 1505 tibi.
1020 1443 1171 1507 Sustiues
1199 1509 1200 1512 ,

229 1525 313 1590 enim
322 1549 385 1591 non
397 1548 523 1614 parvam
533 1525 798 1610 exspectationem
809 1526 979 1591 imitandae
990 1527 1169 1592 industriae

229 1625 363 1691 nostrae,
381 1635 528 1700 magnam
543 1610 706 1688 honorum,
719 1611 902 1676 nonnullam
918 1614 1051 1677 fortasse
1066 1613 1169 1678 nomi-

229 1699 288 1764 nis.
337 1699 508 1786 Suscepisti
530 1719 609 1762 onus
630 1707 790 1783 praeterea
804 1720 900 1783 grave
915 1711 947 1763 et
964 1699 1167 1764 Athenarum

229 1799 261 1850 et
278 1785 434 1871 Cratippi⁵
446 1808 454 1860 3
476 1783 517 1847 ad
532 1805 611 1867 quos
620 1805 718 1868 quum
730 1795 889 1868 tamquam
901 1784 940 1848 ad
955 1799 1165 1850 mercaturam

229 1873 381 1936 bonarum
394 1869 509 1934 artium
531 1869 572 1932 sis
594 1869 762 1953 profectus,
778 1867 905 1932 inanem
919 1869 1034 1934 redire⁶
1049 1872 1166 1957 turpis-

229 1957 342 2020 simum
366 1966 425 2032 est,
453 1951 688 2018 dedecorantem
713 1964 745 2018 et
775 1954 859 2018 urbis
887 1956 1113 2021 auctoritatem
1134 1971 1164 2020 et

229 2040 382 2126 magistri.
445 2039 561 2116 Quare,
593 2050 746 2124 quantum
775 2041 894 2104 conniti
923 2041 1030 2106 animo
1060 2053 1161 2128 potes,

229 2137 382 2213 quantum
406 2124 513 2188 labore
540 2125 737 2204 contendere,
764 2126 805 2211 (si
829 2125 980 2191 discendi⁷
1005 2128 1094 2194 labor
1118 2140 1164 2192 est

229 2212 344 2299 potius,
358 2233 453 2297 quam
465 2209 626 2296 voluptas)
640 2221 774 2288 tantum,
791 2212 850 2288 fac,
865 2210 913 2277 ut⁸
922 2212 1056 2290 efficias3
1072 2213 1163 2278 neve⁹

230 2299 417 2373 committas,
433 2306 478 2375 ut,
495 2318 593 2381 quum
607 2297 712 2362 omnia
727 2297 925 2383 suppeditata
938 2300 1002 2362 sint
1021 2322 1041 2364 a
1060 2300 1159 2375 nobis,

230 2396 297 2450 tute
317 2384 376 2449 tibi
389 2382 523 2448 defuisse
533 2382 667 2448 videare.
703 2383 765 2448 Sed
776 2383 854 2448 haec
864 2384 1039 2448 hactenus:
1064 2385 1160 2449 multa

230 2471 313 2536 enim
323 2491 416 2554 saepe
427 2468 467 2532 ad
478 2480 510 2533 te
522 2468 703 2534 cohortandi
711 2468 813 2555 gratia
827 2469 1019 2555 scripsimus.
1067 2471 1158 2536 Nunc

229 2557 269 2622 ad
286 2555 570 2641 reliquampartem
586 2555 763 2656 propositae
782 2554 941 2620 divisionis
957 2567 1156 2622 revertamur.

232 2645 261 2710 l.
286 2641 456 2706 Panaetius
477 2641 487 2706 i
512 2641 657 2725 'tur,qu1
679 2639 744 2704 sine
768 2641 978 2706 controversia
998 2642 1156 2708 de·officiis

230 2728 459 2794 accuratissime
505 2727 666 2813 isputavit,
694 2748 850 2811 quemque
873 2749 941 2806 nos,
969 2729 1155 2794 correctione

231 2814 366 2902 quadam
388 2813 536 2890 adhibita,
563 2812 761 2898 potissimum
786 2813 886 2877 secuti
909 2835 1028 2891 sumus,
1061 2815 1153 2880 tribus

210 2939 215 2958 ·
231 2900 398 2990 generibus
413 2899 589 2985 propositis,
606 2899 638 2961 in
654 2897 767 2984 quibus
789 2898 958 2963 deliberare
971 2897 1111 2964 homines
1125 2911 1153 2964 et

231 2987 406 3052 consultare
416 2986 453 3049 de
463 2984 564 3049 officio
573 2985 726 3060 solerent3
749 3006 824 3062 uno,
835 2983 957 3069 quum¹⁰
967 2983 1151 3063 dubitarent,

264 3162 297 3207 ll.
317 3157 350 3221 (¹)
368 3161 420 3207 Vid.
437 3161 513 3207 Matth
533 3159 563 3204 ad
581 3173 613 3205 or.
630 3173 673 3218 pro
712 3159 777 3206 labor
788 3159 907 3219 estpotius
915 3160 987 3214 labor,
997 3176 1065 3221 quam
1073 3163 1149 3222 volup-

232 3227 296 3272 Ilosc.
314 3227 365 3272 Am.
386 3227 408 3272 6.
422 3229 457 3272 16.
492 3223 523 3286 (²)
535 3225 554 3270 1.
567 3239 586 3269 e.
601 3223 671 3282 isqui
713 3231 764 3272 tas:
782 3224 828 3270 vid.
837 3223 964 3284 Wopkens.
976 3225 1001 3272 in
1014 3227 1078 3274 Mirr.
1091 3228 1148 3274 Olea.

233 3291 353 3338 estdeoff.
387 3291 421 3348 (³)
433 3292 486 3338 Vid.
499 3289 583 3338 Matth.
596 3288 620 3334 in
631 3303 671 3334 ex·
712 3291 757 3338 vol.
777 3290 815 3336 vii.
833 3304 855 3349 p.
877 3289 938 3345 199,
955 3291 1011 3336 item
1030 3292 1148 3338 Matthad

233 3354 569 3416 cursuadClc.Epr'st.p.354.
595 3349 627 3414 (⁴)
637 3353 671 3400 Os.
715 3353 905 3416 crespulum,
923 3355 934 3413 §
951 3357 972 3401 8.
998 3352 1147 3418 (⁸)Conjunc·

233 3422 257 3468 ii.
278 3421 314 3466 13.
334 3421 371 3466 il.
386 3436 431 3480 spr.
466 3421 498 3484 (⁵)
511 3421 529 3466 1.
545 3436 564 3467 e.
577 3420 640 3481 quod
651 3429 674 3466 et
715 3423 803 3468 tionem
815 3421 876 3466 delet
888 3420 918 3466 R.
931 3421 964 3474 l.;
982 3435 1075 3481 eamque
1082 3423 1145 3468 etiarn

235 3488 340 3536 Athenae
348 3496 371 3533 et
379 3486 502 3546 Cratippus
509 3486 549 3532 tibi
558 3486 674 3546 imposue·
715 3486 820 3534 usitatius
834 3493 870 3532 est
880 3485 1000 3532 omittere:
1017 3487 1043 3532 cl.
1055 3488 1083 3533 ad
1091 3487 1114 3534 F.
1125 3503 1145 3533 v.

235 3563 297 3609 runt,
308 3567 337 3598 sc.
350 3559 374 3597 ut
383 3551 422 3597 tali
438 3553 502 3606 urbe,
514 3552 554 3597 tali
565 3551 675 3610 magistro
718 3553 740 3599 9.
754 3553 784 3608 2.,
796 3547 870 3608 21.5,,
878 3550 907 3595 vi.
918 3551 953 3595 13.
966 3553 996 3606 5.,
1009 3551 1044 3596 14.
1052 3551 1078 3607 3.,
1087 3553 1112 3598 xi.
1124 3553 1144 3597 ³.

235 3622 332 3680 dignum
344 3625 365 3663 te
374 3617 479 3663 ostendas
489 3632 494 3659 ε
506 3615 534 3662 cs.
543 3617 558 3661 i.
569 3617 588 3660 l.
597 3617 616 3660 l.
627 3627 674 3676 spr.
715 3619 753 3664 l.;
770 3617 817 3662 vid.
829 3617 892 3661 Cort.
904 3615 934 3660 ad
945 3616 1038 3662 Sallust.
1048 3617 1070 3662 C.
1078 3617 1111 3662 44.
1122 3617 1143 3663 5.

236 3680 268 3745 (⁶)
286 3685 321 3730 Sc.
337 3690 375 3729 te:
392 3683 438 3727 vid.
451 3681 535 3727 Matth.
550 3681 579 3725 ad
590 3695 622 3726 or.
633 3697 675 3740 pro
715 3678 791 3743 (⁹)De
800 3679 1141 3742 viexegeticuhujusparticulae

235 3751 299 3796 msc.
307 3751 359 3795 Am.
371 3747 408 3793 22.
419 3747 464 3802 61,
475 3761 515 3806 pro
525 3745 581 3791 Sall.
594 3747 615 3789 5.
632 3746 674 3800 14,
713 3746 793 3793 monui
806 3746 835 3791 ad
847 3744 940 3790 Sallust.
953 3745 975 3791 J.
987 3747 1021 3791 14.
1033 3753 1083 3793 extr.
1101 3743 1140 3808 (¹⁰)

237 3814 273 3858 13.
282 3814 328 3868 39..
338 3815 375 3858 23.
384 3815 421 3858 65.
444 3809 477 3873 (t)
488 3812 505 3857 1.
514 3826 534 3857 e.
545 3810 564 3856 si
571 3810 674 3856 discendi
714 3811 733 3857 I.
746 3826 766 3857 e.
778 3810 840 3871 quod
851 3817 900 3855 tum
912 3817 980 3867 esset,
988 3825 1097 3871 quum-r
1111 3813 1137 3858 cf.
