2450 4478
393 305 470 370 LIB.
489 305 527 367 ll.
540 307 635 368 cAP.
652 311 696 366 14.
973 307 1009 364 91

65 487 209 552 quarum
223 465 256 530 in
271 465 371 530 altera
385 487 486 530 sermo
500 467 551 544 sit,
575 466 608 530 in
623 465 723 530 altera
737 464 898 529 contentio
912 487 920 540 3
947 487 1009 528 non

65 565 120 617 est
142 552 176 616 id
201 551 329 638 quidem
350 551 491 630 dubium,
515 552 591 638 quin
605 551 767 616 contentio
782 550 930 615 orationis
945 571 1010 614 ma·

59 640 173 723 jorem
198 639 264 702 vim
283 637 400 702 habeat
422 637 462 701 ad
483 638 635 725 gloriam:
660 660 697 702 ea
723 648 771 700 est
797 637 891 714 enim,
916 657 1011 720 quam

66 724 290 810 eloquentiam
303 723 445 788 dicimus.
494 724 557 787 Sed
572 736 676 787 tamen
692 719 815 786 difficile
840 723 926 786 dictu
949 734 1007 799 est,

67 821 196 894 quanto
211 832 304 896 opere
331 808 474 874 conciliet
498 810 618 873 animos
638 807 767 872 comitas
782 807 1011 893 affabilitasque

67 895 237 960 sermonis.
285 895 422 960 Exstant
437 894 587 980 epistolae
602 906 634 959 et
656 893 796 979 Philippi
813 894 851 958 ad
872 894 1011 957 Alexan-

67 981 166 1044 drum
190 993 223 1045 et
241 980 399 1066 Antipatri
424 981 464 1044 ad
493 980 705 1046 Cassandrum
735 991 767 1044 et
792 979 948 1067 Antigoni
972 978 1011 1042 ad

72 1066 265 1152 Philippum
280 1067 389 1144 lilium,
414 1067 509 1130 trium
520 1065 841 1152 prudentissimorum,
860 1066 919 1152 (sic
929 1065 1012 1129 enim

69 1153 270 1240 accepimus)
291 1153 406 1238 quibus
421 1151 626 1238 praecipiunt,
651 1164 687 1214 ut
711 1151 850 1215 oratione
876 1151 1012 1236 benigna

70 1238 287 1302 multitudinis
302 1239 422 1302 animos
438 1237 477 1303 ad
492 1236 743 1302 benevolentiam
758 1237 909 1314 alliciant,
933 1235 1013 1300 mili-

71 1339 187 1472 tesque
201 1323 328 1389 blandel
343 1323 532 1410 appellando
543 1322 714 1386 deleniant.
762 1323 853 1396 Quae
865 1333 970 1386 autem
978 1322 1012 1384 in

71 1432 130 1472 mu
145 1409 281 1475 titudine
293 1432 365 1474 cum
376 1410 576 1474 contentione
590 1407 724 1472 habetur
739 1409 847 1484 orati0‚
872 1430 909 1472 ea
921 1430 1013 1490 saepe

72 1496 256 1560 universam
271 1496 389 1560 excitat
404 1495 574 1560 coronam².
620 1494 744 1581 Magna
759 1506 806 1558 est
818 1494 901 1557 enim
917 1493 1014 1557 admi-

71 1581 155 1646 ratio
172 1581 297 1666 copiose
309 1581 527 1667 sapienterque
538 1580 670 1644 dicentis
680 1602 689 1655 ;
699 1602 795 1665 quem
806 1580 861 1664 qui
871 1578 1012 1654 audiunt,

72 1667 255 1754 intelligere
269 1666 364 1730 etiam
384 1678 416 1731 et
439 1689 547 1753 sapere
561 1667 642 1753 plus,
669 1687 764 1750 quam
779 1676 908 1740 ceteros,
932 1665 1014 1729 arbi-

74 1767 210 1817 trantur.
260 1752 295 1816 Si
310 1773 382 1815 vero
404 1752 487 1817 inest
508 1753 541 1814 in
557 1753 695 1816 oratione
718 1751 819 1814 mixta
842 1749 1011 1813 modestiae

75 1839 226 1924 gravitas,
251 1836 330 1901 nihil
345 1837 555 1903 admirabilius
570 1837 636 1902 fieri
649 1848 769 1922 potest3
786 1858 885 1921 eoque
899 1835 1011 1922 magiS,

75 1924 101 1987 si
117 1947 155 1988 ea
170 1923 289 1988 suntin
301 1923 507 1988 adolescente.
550 1927 603 1991 49.
620 1923 694 2001 Sed,
719 1945 818 2007 quum
840 1923 903 1986 sint
923 1922 1014 2008 plura

76 2031 242 2074 causarum
257 2031 384 2096 genera,
409 2031 489 2094 quae
503 2009 716 2094 eloquentiam
731 2008 916 2086 desiderent,
933 2007 1014 2071 mul-

75 2097 163 2182 tique
177 2095 211 2158 in
227 2107 334 2159 nostra
345 2119 378 2158 re
410 2095 736 2160 ublicaadolescentes
752 2105 783 2158 et
793 2093 876 2180 apud
888 2093 1012 2179 judices

76 2196 109 2246 et
123 2180 210 2267 apud
224 2193 367 2244 senatum
382 2118 512 2245 dicendo
527 2179 651 2245 laudem
665 2180 800 2243 assecuti
823 2180 904 2255 sint3
927 2202 1015 2243 max-

74 2269 138 2331 ima
153 2279 203 2331 est
223 2265 388 2330 admiratio
414 2268 447 2330 in
468 2266 618 2352 judiciis:
642 2287 779 2350 quorum
804 2265 884 2329 ratio
895 2263 1012 2350 duplex

75 2367 146 2418 est:
171 2374 246 2416 nam
260 2375 300 2416 ex
314 2352 513 2416 accusatione
529 2364 561 2416 et
575 2351 753 2415 defensione
768 2361 891 2414 constat
903 2374 911 2425 3
935 2371 1015 2434 qua-

75 2438 160 2502 rum³
174 2437 234 2502 etsi
250 2438 433 2502 laudabilior
449 2449 496 2502 est
510 2436 659 2512 defensio,
684 2448 789 2499 tamen
810 2436 907 2500 etiam
922 2457 1015 2498 accu-

75 2524 158 2588 satio
186 2523 319 2609 probata
347 2546 496 2609 persaepe
525 2533 583 2587 est.
640 2521 720 2585 Dixi
748 2522 844 2607 paulo
872 2532 945 2586 ante
975 2520 1013 2584 de

79 2611 209 2674 Crasso.
256 2609 345 2672 Idem
359 2610 433 2672 fecit
448 2608 628 2672 adolescens
650 2607 700 2670 M.
719 2606 896 2672 Antoniust
920 2607 1014 2671 etiarn

79 2696 119 2759 P.
140 2695 277 2781 Sulpicii
292 2695 505 2780 eloquentiam
528 2693 687 2758 accusatio
710 2692 892 2771 illustravit,
917 2714 1016 2778 quum

76 2781 262 2846 seditiosum
276 2792 309 2844 et
322 2780 468 2844 inutilem
483 2781 594 2856 civem,
622 2781 661 2843 C.
690 2777 888 2854 Norbanum,
911 2778 944 2840 in
961 2779 1015 2863 ju-

77 2866 196 2930 dicium
206 2865 343 2930 vocavit.
386 2871 439 2929 50.
459 2864 522 2929 Sed
530 2863 590 2929 hoc
601 2863 726 2950 quidem
735 2887 798 2927 non
809 2874 855 2928 est
867 2886 959 2949 saepe
971 2865 1017 2927 fa-

79 2952 238 3027 ciendum,
261 2974 321 3015 nec
335 2972 495 3036 umquam,
521 2951 580 3014 nisi
595 2962 649 3014 aut
665 2950 709 3014 rei
731 2949 888 3035 publicae⁴
911 2971 1013 3026 causa,

79 3037 181 3124 utii⁵‚
207 3059 286 3124 quos
311 3048 383 3102 ante
407 3037 494 3113 dixi3
518 3049 572 3100 aut
598 3035 779 3113 ulciscendi,
804 3048 839 3099 ut
865 3035 927 3098 duo
950 3034 1016 3098 Lu-

112 3211 179 3258 XlV.
193 3207 225 3271 (¹)
238 3211 312 3256 codd.
332 3209 380 3256 sere
396 3211 477 3256 blundo
487 3225 529 3268 up·
570 3210 625 3255 290,
634 3205 704 3270 (bis),
714 3209 741 3255 de
752 3210 780 3256 F.
792 3209 815 3255 ii.
829 3210 867 3255 22.
879 3208 926 3265 74,
935 3211 965 3256 ἰν.
978 3213 1015 3260 27.

77 3278 185 3336 pellendo
202 3276 356 3330 sermonerde
368 3275 454 3335 duplici
465 3275 529 3320 abla-
571 3275 698 3329 tameat
713 3275 742 3320 D.
755 3275 778 3319 ii.
793 3275 812 3320 1.
828 3277 847 3320 1.
876 3277 946 3325 Quod
963 3291 1017 3323 vero

81 3343 127 3389 tivo
150 3357 171 3390 v.
195 3341 226 3386 ad
253 3339 288 3387 17.
307 3341 345 3386 ⁵8.
360 3341 380 3385 il
390 3373 396 3386 .
437 3337 469 3400 (²)
493 3340 530 3386 lta
570 3339 670 3384 otiosum
682 3341 897 3397 quodammodoest
908 3357 1018 3397 coronam,

81 3407 174 3467 scripsi:
194 3420 250 3452 nam
270 3407 337 3451 codd.
347 3406 445 3466 glorium
453 3421 462 3456 ,·
474 3405 527 3450 cdd.
569 3419 641 3462 quum
653 3413 730 3462 posset
746 3406 912 3452 multitudinem
931 3410 1016 3452 subau-

82 3480 167 3529 autem,
177 3471 300 3519 recisabac
309 3485 372 3526 voce,
383 3470 528 3529 utiquemul·
569 3470 621 3522 diri,
635 3470 693 3514 uad
704 3469 719 3514 i.
731 3472 768 3515 30.
783 3470 833 3517 107.
846 3485 891 3527 spr.
914 3466 948 3530 (³)
958 3472 1016 3516 Vide

81 3539 204 3585 titudinem
215 3535 363 3594 intelligunt:
373 3535 403 3588 cf.
411 3535 480 3580 Brut.
491 3535 529 3582 51.
570 3534 599 3578 ad
611 3533 626 3578 i.
640 3533 678 3580 42.
695 3533 748 3580 151.
756 3549 801 3593 spr.
836 3531 868 3596 (⁴)
881 3535 933 3579 Vid.
948 3535 1014 3580 Hen-

82 3604 144 3658 192,
157 3605 172 3628 “
181 3603 205 3648 Si
213 3615 314 3646 acorcuu
321 3600 413 3645 relictus
423 3599 474 3654 sim,
482 3614 529 3646 non
570 3599 669 3644 richsen.
679 3600 745 3645 adde
759 3601 798 3646 Or.
810 3599 833 3644 ii.
844 3600 880 3644 48.
894 3599 946 3642 los.
981 3596 1014 3658 (⁶)

77 3682 166 3726 queam
174 3668 251 3714 dicere
260 3665 347 3712 :”adde
356 3665 411 3710 ibid.
420 3666 458 3710 84.
467 3665 530 3720 289..
572 3659 743 3724 8142111114.-
763 3681 784 3710 v.
796 3665 826 3710 ad
841 3663 856 3708 1.
875 3665 896 3708 6.
918 3663 952 3706 12.
969 3677 1015 3721 spr.
