2472 4432
296 457 302 466 ,
405 375 476 437 us.
492 375 519 437 1.
541 375 630 436 cle.
655 379 701 436 14.
982 375 1019 434 u

70 530 236 598 reserenda
251 544 333 598 sunt
348 537 464 601 omnia.
509 535 596 601 Nam
610 533 713 621 etqui
728 533 947 621 gratificantur
956 533 1022 596 cui-

69 617 164 702 piam,
190 620 284 704 quod
301 621 388 686 obsit
402 622 458 699 illi,
483 622 533 687 cui
547 621 695 710 prodesse
720 619 816 685 velle³
844 619 1020 696 videantur,

68 725 131 766 non
147 703 294 770 benefici
309 729 415 793 neque
430 707 585 784 liberales,
609 706 663 772 sed
688 705 854 793 perniciosi
883 716 1023 770 assenta-

70 801 152 853 tores
169 791 341 856 'udicandi
357 805 452 858 suut:
476 805 517 872 et,
535 794 591 879 qui
605 793 675 858 aliis
690 804 816 871 nocent,
839 803 876 858 ut
889 793 921 855 in
931 790 1023 856 alios⁴

68 872 131 940 libe
180 899 215 940 es
230 879 313 956 sint,
337 878 387 942 in⁵
400 879 506 946 eadem
520 891 595 945 sunt
608 879 773 964 injustitia,
798 889 834 942 ut
848 877 875 942 si
889 877 1023 942 insuam

68 981 133 1024 rem
147 961 275 1028 aliena⁶
300 977 500 1030 convertant.
543 970 598 1029 43.
625 965 709 1028 Sunt
734 975 841 1029 autern
869 963 964 1030 multi
989 974 1023 1028 et

69 1046 201 1130 quidem
228 1050 345 1136 cupidi
372 1050 546 1116 slendoris
575 1062 607 1116 et
631 1050 762 1137 gloriae,
785 1049 841 1134 qui
871 1047 1022 1135 eripiunt⁷

69 1131 148 1209 aliis,
173 1137 269 1236 quod
296 1136 366 1200 aliis
388 1073 579 1238 largiantur:
602 1135 699 1223 hique
714 1135 906 1200 arbitrantur
920 1157 954 1200 se
968 1135 1023 1200 be-

70 1216 186 1284 neficos
201 1243 336 1286 rnsuos
359 1244 475 1287 amrcos
504 1224 604 1288 visum
628 1223 676 1300 iri,
701 1221 728 1286 si
753 1220 948 1372 locupletent
969 1242 1022 1285 eos

70 1324 284 1393 quacumque
310 1308 442 1373 ratione.
490 1309 529 1373 Id
543 1320 651 1373 autem
665 1318 822 1374 tantuma
844 1318 893 1372 est
906 1306 1021 1384 officio,

70 1401 105 1452 ut
118 1389 203 1456 nihil
218 1392 329 1480 magis
344 1393 447 1458 officio
461 1395 560 1480 possit
575 1417 642 1458 esse
658 1393 856 1460 contrarium.
905 1392 1024 1457 Viden-

71 1473 145 1539 dum
160 1490 213 1542 est
229 1480 346 1566 igitur,
365 1491 401 1544 ut
415 1502 452 1544 ea
466 1480 657 1546 liberalitate
671 1491 808 1557 utamur,
828 1501 910 1564 quae
924 1477 1023 1564 prosit

71 1560 192 1641 amicis,
211 1577 333 1630 noceat
354 1566 480 1634 nemini.
528 1567 636 1641 Quare
652 1566 693 1629 L.
713 1564 821 1630 Sullae
836 1576 869 1630 et
886 1566 923 1630 C.
943 1564 1025 1630 Cae-

73 1647 149 1711 saris
164 1652 382 1734 pecuniarum
393 1651 567 1716 translatio⁸
580 1675 600 1715 a
612 1651 701 1716 'ustis
709 1651 845 1715 dominis
856 1649 895 1714 ad
905 1649 1025 1715 alienos

74 1752 136 1796 non
152 1735 256 1801 debet
271 1736 411 1801 liberalis
429 1737 538 1802 videri.
584 1674 676 1802 niihil
701 1747 749 1802 est
775 1736 859 1800 enim
881 1735 1020 1812 liberale,

74 1819 160 1901 quod
180 1844 252 1886 non
276 1822 363 1886 idem
382 1826 514 1908 justum.
558 1827 612 1888 44.
637 1823 728 1888 Alter
750 1821 839 1886 locus
864 1831 930 1885 erat
952 1843 1025 1886 cau·

75 1903 183 1984 tionis,
208 1931 252 1972 ne
273 1907 456 1994 benignitas
480 1911 583 1974 ma'or
598 1920 689 1986 esset,
713 1929 809 1994 quam
838 1906 1023 1973 facultates:

76 1991 173 2074 qnod,
198 1995 260 2078 qui
274 1993 475 2080 benigniores
487 1933 598 2060 volunt
612 2017 691 2071 esse,
715 2015 809 2079 quern
823 2015 873 2057 res
893 1994 1022 2078 patitur,

77 2075 483 2173 primum⁹ineopeccant,
508 2080 593 2230 quod
607 2080 751 2165 injuriosi
774 2091 848 2143 sunt
873 2079 905 2142 in
929 2099 1024 2166 prox-

79 2181 178 2229 imos:
203 2187 288 2251 quas
303 2167 388 2230 enim
404 2167 509 2251 copias
543 2166 570 2230 is
579 2178 611 2231 et
626 2163 818 2253 suppeditari
832 2165 964 2250 aequius
975 2179 1024 2232 est

80 2257 111 2310 et
125 2249 278 2336 relinqui,
296 2273 350 2315 eas
366 2253 556 2317 transferunt
570 2252 610 2317 ad
625 2253 756 2318 alienos.
805 2251 893 2317 lnest
915 2262 1024 2316 autern

81 2331 112 2394 in
138 2337 198 2400 tali
223 2337 414 2401 liberalitate
443 2336 597 2424 cupiditas
626 2339 810 2424 plerumque
832 2337 972 2423 rapiendi
992 2350 1025 2403 et

82 2420 246 2488 auferendi
266 2423 499 2509 perinjurium,
522 2435 558 2487 ut
577 2423 617 2488 ad
636 2423 834 2510 largiendum
853 2434 1029 2508 suppetant

84 2506 206 2590 copiae.
255 2508 374 2572 Videre
388 2508 483 2574 etiam
497 2509 571 2573 licet
584 2509 764 2596 plerosque,
789 2531 852 2572 non
877 2520 943 2572 tam
968 2531 1025 2574 na-

84 2599 153 2656 tura
163 2594 316 2660 liberales
330 2616 427 2680 quam
441 2595 577 2681 quadam
591 2595 693 2682 gloria
707 2595 828 2671 ductos,
846 2605 882 2658 ut
892 2593 1025 2660 benefici

85 2675 262 2758 videantur,
286 2681 390 2744 facere
404 2680 515 2757 multa,
539 2702 621 2765 quae
635 2679 791 2768 proficisci
815 2679 857 2744 ab
887 2690 1026 2746 ostenta·

85 2760 170 2830 tione
184 2766 289 2853 magis
304 2787 400 2850 quam
414 2788 434 2831 a
448 2767 610 2832 voluntate
625 2765 823 2832 videantur¹⁰.
870 2765 959 2830 Talis
968 2788 1027 2831 au·

86 2935 393 2996 poenaqusmculpasitfl
427 2933 460 3000 (³)
472 2936 535 2984 Male
575 2939 724 2984 adolescentis
741 2937 766 2984 1².
780 2935 870 2990 Rutilii,
884 2936 912 2982 A.
925 2935 1025 2993 virginii

87 2993 158 3046 Heus.
170 3001 235 3046 delet
245 3001 310 3048 selle.
345 2997 378 3064 (⁴)
390 3001 464 3050 Codd.
475 3017 535 3048 non·
575 3002 735 3048 familiaritate
756 3003 857 3048 delector
866 3000 889 3053 ;”
908 3002 936 3048 de
947 3000 979 3046 N.
992 3000 1025 3045 D.

86 3063 141 3109 nulli
152 3067 251 3121 inclite,
272 3067 386 3124 probante
404 3066 495 3114 Kritaiu
506 3066 536 3112 sd
576 3067 610 3112 iii.
622 3065 658 3114 17.
668 3068 716 3124 43„
727 3069 799 3126 “Age
814 3079 883 3125 porro
899 3065 983 3112 lovem
1001 3075 1026 3110 et

86 3125 178 3178 &dut
191 3131 218 3177 0.
227 3146 251 3190 p.
262 3129 303 3177 47.
335 3127 538 3192 (⁵)ctpr08u11a
577 3133 715 3192 Neptunum
737 3133 802 3180 dnm
825 3129 958 3176 numeras.”
992 3127 1027 3191 (⁹)

87 3190 121 3239 13.
133 3195 181 3254 38.,
202 3195 253 3242 “Si
271 3194 310 3241 hic
329 3204 392 3242 esset
409 3198 433 3242 in
454 3197 538 3243 eodem
578 3197 924 3256 Notaprs'nrumonsequente
931 3196 1027 3242 auare.-

87 3260 333 3320 toelere;”addespr.
346 3259 418 3309 22³.
452 3255 485 3323 (⁶)
499 3262 536 3306 Al.
577 3263 703 3322 respondet
711 3272 788 3307 tamen
797 3260 864 3314 illud,
881 3261 896 3284 “
907 3261 973 3306 lnest
984 3275 1027 3306 au-

86 3323 183 3372 uicum
190 3327 311 3380 5frustraz
334 3339 358 3372 v.
380 3327 496 3388 Wopkens.
507 3325 537 3373 1..
578 3327 681 3373 tem—.'’
716 3327 754 3372 Sic
769 3325 1026 3375 ostenderemus

89 3385 193 3449 [ΜΒ.
207 3387 334 3452 [129.11.]
365 3387 538 3453 (⁷)videad2.
578 3393 631 3438 vide
643 3406 701 3451 quos
711 3391 808 3437 laudant
820 3391 898 3438 Hand.
915 3391 946 3436 ad
962 3391 1028 3450 Wop-

87 3453 164 3516 5.spr.
198 3452 234 3517 (Β)
246 3457 310 3502 Nota
330 3471 455 3502 numerum
475 3456 539 3504 bunc
580 3459 641 3504 kens.
652 3457 680 3502 1..
701 3456 727 3502 Τ.
739 3471 762 3516 p.
778 3456 815 3502 73.
829 3453 875 3512 74.,
892 3455 976 3502 Moser.
994 3455 1026 3500 sd

88 3518 325 3578 singularem:cs.de
344 3521 377 3568 D.
394 3520 418 3567 ii.
440 3521 539 3577 88.80.,
581 3522 629 3568 Cic.
642 3521 707 3567 Ture.
724 3522 740 3566 i.
761 3522 798 3566 24.
822 3520 869 3578 57„
882 3520 985 3578 Madvig.
997 3519 1027 3564 ad

88 3583 101 3607 '¹
109 3585 141 3630 At
151 3586 245 3646 aliquot
267 3586 335 3632 annis
356 3588 474 3647 antiquior
486 3586 535 3632 lio-
577 3586 606 3632 de
617 3586 644 3632 F.
656 3586 671 3631 i.
684 3586 706 3631 6.
719 3584 770 3640 17.;
788 3585 848 3632 adde
861 3585 989 3646 Wopkens.
1000 3582 1025 3626 in

87 3649 163 3696 mulus
175 3660 199 3697 et
210 3653 309 3706 Remus,
326 3654 396 3697 ambo
406 3665 506 3710 augures
514 3649 537 3704 ;”
577 3651 646 3696 Mire.
672 3651 736 3698 Olus.
758 3651 815 3698 Nou.
837 3660 894 3697 tom.
914 3646 1024 3706 x.p.2l·‚

88 3711 139 3774 (ubi
155 3715 202 3762 vid.
223 3717 259 3762 Cl.
279 3711 379 3776 Moser.)
399 3717 428 3762 de
444 3716 474 3762 A.
489 3715 536 3764 ⁸27.
576 3715 797 3764 RbodedeArrucol.
810 3730 831 3776 p.
844 3715 882 3760 20.
911 3709 955 3772 (¹⁰)
964 3709 1025 3754 Not!

90 3780 153 3834 101..
168 3781 310 3841 “Equidem
321 3783 392 3829 etiam
410 3780 536 3828 admodum
578 3783 674 3827 ver-bum
693 3781 810 3834 iteratum,
825 3779 912 3824 videre.
921 3775 1026 3820 ,νίᾰεαπ-
