2450 4478
366 389 444 447 LlB.
461 387 501 445 ll'.
516 387 607 446 CAP.
621 389 669 445 23.
931 389 986 445 105

32 547 252 633 praedixisse.
299 545 397 610 Nulla
411 557 514 610 autem
530 569 564 610 re
579 545 744 611 conciliare
759 543 879 609 facilius
891 544 984 610 bene·

33 634 221 698 volentiam
246 632 458 697 multitudinis
481 643 612 717 possunt
637 631 670 708 ii,
696 631 751 716 qui
772 630 817 694 rei
841 630 986 717 publicae

36 731 210 804 praesunt,
235 742 331 805 quam
346 718 536 783 abstinentia
551 730 583 782 et
599 717 802 781 continentia.
849 718 900 784 78.
920 716 986 790 Qui

38 827 120 868 vero
132 827 168 869 se
184 805 352 892 populares
364 804 474 868 volunt
489 804 529 868 ob
541 825 671 888 eamque
687 825 810 866 causam
826 813 881 866 aut
897 823 987 890 agra-

39 892 125 954 riam
150 913 219 954 rem
243 901 376 968 tentant,
401 901 437 953 ut
457 911 648 975 possessores
672 888 829 974 pellantur
851 888 915 952 suis
939 911 986 952 se-

39 977 152 1054 dibus,
170 988 227 1040 aut
242 977 390 1062 pecunias
406 975 535 1039 creditas
559 975 751 1039 debitoribus
767 975 986 1038 condonandas

41 1074 173 1148 putant,
198 1062 222 1124 ii
236 1062 428 1126 labefactant
447 1062 649 1126 fundamenta
664 1060 709 1123 rei
724 1059 889 1146 publicae3
913 1083 986 1124 con·

42 1147 188 1212 cordiam
206 1147 354 1233 primunr,
378 1169 458 1233 quae
481 1168 630 1210 essenon
652 1157 767 1231 potest,
792 1168 890 1230 quum
915 1146 986 1210 aliis

43 1235 242 1311 adimuntur,
266 1233 334 1296 aliis
350 1233 565 1297 condonantur
573 1232 723 1318 pecuniae
736 1255 744 1306 ;
756 1232 867 1296 deinde
879 1231 986 1316 aequi-

44 1333 156 1395 tatem,
182 1341 264 1404 quae
288 1318 409 1383 tollitur
432 1319 544 1396 omnis,
568 1320 594 1382 si
615 1317 729 1382 habere
754 1340 846 1380 suum
872 1318 985 1402 cuique

44 1429 108 1469 non
125 1405 214 1469 licet.
263 1405 300 1469 ld
315 1405 398 1468 eninr
414 1414 461 1468 est
478 1405 648 1490 proprium,
672 1415 709 1467 ut
724 1402 831 1490 supra⁶
842 1403 917 1481 dixi,
942 1404 985 1467 ci-

46 1490 154 1555 vitatis
170 1502 269 1575 atque
283 1491 378 1569 urbis,
390 1503 426 1555 ut
441 1489 482 1554 sit
497 1491 594 1554 libera
616 1501 648 1553 et
672 1511 736 1553 non
762 1489 898 1553 sollicita
913 1511 987 1553 suae

45 1578 89 1640 rei
108 1577 267 1662 cujusque
286 1577 439 1641 custodia.
484 1579 537 1644 79.
564 1577 682 1661 Atque,
707 1575 740 1638 in
763 1574 824 1638 hac
849 1575 985 1660 pernicie

48 1665 91 1726 rei
111 1663 273 1749 publicae,
297 1663 449 1727 ncillam
473 1663 600 1749 quidem
620 1672 866 1745 consequuntur,
890 1682 985 1745 quam

47 1747 186 1834 putant⁷‚
212 1749 355 1834 gratiam.
402 1749 497 1826 Nam,
523 1748 573 1813 cui
587 1769 637 1810 res
653 1759 761 1832 erepta
775 1755 833 1822 est,
854 1756 902 1809 est
926 1745 986 1808 ini-

47 1835 147 1899 micus
160 1857 169 1910 3
181 1834 235 1898 cui
250 1834 333 1912 data,
344 1835 439 1899 etiarn
454 1833 629 1899 dissimulat
639 1855 672 1896 se
684 1833 824 1917 accipere
836 1831 982 1908 voluisse,

49 1933 79 1985 et
92 1920 233 1984 maxime
245 1919 278 1982 in
287 1921 427 2005 pecuniis
437 1920 561 1985 creditis
570 1918 708 1984 occultat
716 1939 808 1981 suum
822 1916 983 2004 gaudium,

49 2029 86 2070 ne
101 2005 248 2070 videatur
262 2028 325 2069 non
339 2007 435 2070 fuisse
450 2004 625 2070 solvendo⁸.
672 2005 717 2068 At
743 2025 816 2068 vero
842 2002 906 2080 ille,
930 2003 985 2089 qui

49 2091 163 2177 accipit
174 2090 332 2176 injuriam,
357 2103 389 2155 et
404 2091 547 2155 meminit
562 2102 594 2154 et
608 2111 682 2175 prae
709 2111 742 2152 se
767 2089 827 2152 fert
846 2088 984 2152 dolorem

50 2199 162 2240 suum:
186 2197 257 2252 nec,
281 2176 308 2239 si
322 2176 427 2262 plures
442 2187 515 2240 sunt
530 2176 563 2252 ii,
587 2174 702 2260 quibus
717 2174 860 2259 improbe
874 2174 984 2237 datum

50 2275 106 2340 est,
131 2282 230 2348 quam
248 2260 306 2337 illi,
330 2262 445 2347 quibus
465 2262 585 2347 injuste
607 2259 764 2324 ademtum
788 2270 846 2336 est,
870 2258 986 2322 idcirco

50 2348 120 2432 plus
135 2347 232 2412 etiam
248 2347 384 2422 valent.⁸
410 2346 485 2410 Non
501 2346 585 2410 enim
599 2368 731 2409 numero
751 2343 828 2408 haec
842 2344 986 2430 judican-

51 2445 109 2512 tur,
134 2431 191 2497 sed
205 2432 352 2518 pondere.
400 2433 506 2506 Quam
529 2447 634 2496 autem
657 2429 767 2495 habet9
781 2430 982 2516 aequitatem,

51 2531 85 2583 ut
98 2540 212 2606 agrum
238 2518 346 2583 multis
369 2519 460 2582 annis
485 2517 658 2582 autetiam
681 2516 793 2580 seculis
817 2528 890 2580 ante
914 2537 986 2600 pos-

50 2627 180 2680 sessum,
206 2603 262 2688 qui
275 2604 398 2668 nullum
415 2604 537 2683 habuit,
561 2602 696 2676 habeat3
720 2601 774 2686 qui
798 2612 904 2665 autem
927 2600 982 2666 ha-

50 2691 127 2766 buit,
151 2689 305 2754 amittat?

96 2775 246 2839 XXIII.
269 2780 321 2839 80.
340 2775 388 2838 Ac
404 2786 530 2861 propter
545 2775 605 2838 hoc
620 2772 752 2859 injuriae
767 2795 868 2860 genus
886 2773 986 2836 Lace-

52 2861 203 2926 daemonii
216 2861 416 2946 Lysandrum
430 2861 584 2948 ephorum
599 2859 807 2946 expulerunt3
835 2859 921 2946 Agin
937 2881 985 2922 re-

53 2971 133 3034 gem,
151 2945 238 3032 quod
247 2969 420 3031 numquam
435 2959 528 3011 antea
542 2945 626 3032 apud
641 2967 694 3009 eos
709 2945 876 3021 acciderat,
893 2966 986 3010 neca-

54 3046 182 3097 verunt:
206 3055 310 3118 exque
333 3055 370 3096 eo
394 3045 533 3118 ternpore
555 3044 661 3096 tantae
675 3029 844 3095 discordiae
859 3040 985 3094 secutae

53 3130 132 3196 sunt,
150 3130 187 3182 ut
209 3128 240 3181 et
263 3119 389 3204 tyranni
411 3119 597 3182 exsisterent
612 3129 643 3181 et
659 3117 825 3204 optimates
840 3117 987 3179 extermi-

53 3217 197 3270 narentur
212 3216 245 3268 et
259 3204 504 3290 praeclarissime
517 3205 688 3268 constituta
703 3225 752 3267 res
767 3201 895 3287 publica
910 3200 987 3265 dila·

53 3291 194 3355 beretur:
218 3312 276 3353 nec
299 3312 373 3353 vero
396 3289 498 3354 solum
513 3290 582 3375 ipsa
596 3289 720 3366 cecidit,
737 3287 791 3352 sed
806 3287 900 3351 etiarn
915 3288 986 3352 reli·

53 3502 74 3544 p.
86 3487 137 3532 248.
157 3481 224 3545 [³36.
241 3481 295 3544 H.],
315 3483 377 3531 idern
390 3483 415 3530 ln
430 3484 497 3532 Mire.
539 3483 576 3529 Cf.
590 3485 614 3530 ἔνι
627 3485 695 3530 catu.
707 3484 736 3529 ir.
746 3485 768 3530 4.
782 3483 811 3540 7,,
824 3485 838 3509 “
847 3484 939 3531 Habere
953 3484 987 3528 vi-

57 3552 115 3597 Olus.
124 3551 180 3596 Nou.
193 3557 211 3594 t.
220 3549 244 3594 ii.
255 3563 278 3608 p.
292 3550 344 3594 102.
369 3544 402 3610 (⁶)
414 3549 496 3596 Cf.2l.
538 3549 607 3594 detur
618 3549 663 3596 ista
679 3563 715 3594 res
734 3549 890 3609 iniquitatem,
907 3549 925 3594 si
942 3549 985 3593 irn-

55 3615 91 3662 ts.
122 3611 155 3677 (⁷)
174 3614 226 3660 Vid.
240 3614 303 3660 cort.
316 3616 345 3658 ad
363 3615 456 3661 Sallust.
472 3615 496 3660 0.
537 3627 619 3673 pecare
639 3614 704 3670 velis,
722 3615 890 3668 difficultatem,
907 3613 926 3658 si
948 3626 985 3657 ru·

55 3681 107 3726 (ll.
139 3678 170 3742 (Β)
183 3679 219 3725 Cf.
231 3679 333 3738 Philipp.
344 3679 367 3724 ii.
386 3680 406 3724 2.
419 3680 450 3736 4.,
466 3680 499 3724 ad
536 3679 617 3738 gare.''
991 3671 994 3677 ’

55 3746 81 3792 F.
91 3745 120 3791 ili.
130 3747 151 3792 8.
162 3746 194 3801 2.,
205 3745 237 3792 ad
246 3745 276 3791 A.
294 3743 342 3790 xiii.
358 3745 393 3790 10.
406 3744 429 3794 3.
462 3739 496 3804 (⁹)
