2472 4432
406 387 488 448 LIB.
508 385 532 445 l.
557 386 650 446 CAP.
665 389 701 450 a.
988 391 1019 449 ·9

74 546 163 634 quod
178 556 227 611 est
242 543 512 610 adhibendaaotio
524 543 690 630 quaedam,
707 567 772 610 non
787 544 890 611 solum
904 547 1021 612 mentis

73 632 222 720 agitatio.
271 636 321 695 18.
336 631 380 696 lis
394 631 479 695 enim
499 631 603 708 rebus,
620 653 702 717 quae
714 643 888 698 tractantur
898 633 931 696 in
941 633 1018 711 vita,

73 718 207 783 modum
221 716 390 805 quemdam
405 728 437 782 et
465 716 607 782 ordinem
621 716 805 785 adhibentes
822 717 1020 784 honestatem

75 816 110 870 et
124 804 223 870 decus
239 803 505 869 conservabimus.

122 890 189 955 Vl.
208 889 261 954 Ex
275 901 412 975 quatuor
421 887 637 967 autemlocis¹‚
653 887 687 953 in
699 912 778 976 quos
788 889 912 956 honesti
926 900 1020 956 natu·

73 998 144 1040 ram
159 977 288 1062 vimque
303 974 479 1053 divisimus,
496 974 614 1061 primus
629 974 693 1052 ille,
711 976 814 1061 quiin
829 977 896 1041 veri
911 977 1020 1064 cogni-

75 1063 164 1127 tione
186 1060 342 1139 consistit,
357 1060 495 1124 maxime
516 1072 661 1126 naturam
683 1061 813 1150 attingit
835 1061 1019 1127 humanam.

78 1148 203 1214 Omnes
228 1147 313 1211 enim
338 1145 505 1211 trahimur'
528 1157 561 1210 et
585 1145 742 1211 ducimur²
763 1147 803 1212 ad
828 1148 1020 1236 cognitionis

74 1246 108 1298 et
122 1233 274 1298 scientiae
296 1232 521 1319 cupiditatem3
543 1232 577 1296 in
599 1254 662 1318 qua
684 1232 838 1299 excellere
852 1232 1019 1319 pulchrum

74 1331 240 1405 putamus3
255 1318 321 1383 labi
332 1329 448 1395 autem,
460 1341 571 1396 errare,
587 1318 719 1397 nescire,
735 1319 804 1384 deci
826 1319 887 1384 iet
901 1319 1020 1384 malum

74 1417 108 1470 et
118 1417 215 1492 turpe
226 1404 381 1469 ducimus.
408 1403 446 1467 ln
459 1403 519 1469 hoc
528 1425 643 1491 genere
652 1415 684 1468 et
695 1341 830 1469 naturali
841 1417 874 1471 et
884 1404 1019 1470 honesto

73 1491 137 1556 duo
159 1491 239 1556 vitia
253 1489 382 1554 vitanda
395 1499 488 1566 sunt3
511 1511 620 1568 unum,
648 1513 688 1555 ne
702 1491 866 1578 incognita
880 1512 937 1577 pro
965 1513 1019 1556 co-

72 1574 806 1664 gnitishabeamusiisquetemereassentiamur3
816 1576 1019 1662 quodvitium

74 1663 217 1750 effugere
232 1661 288 1748 qui
303 1662 399 1740 volet,
418 1661 543 1812 somnes
557 1671 665 1726 autem
680 1662 762 1727 velle
776 1661 908 1748 debent)
930 1661 1019 1727 adhi-

73 1748 164 1814 bebit
177 1747 218 1814 ad
233 1747 418 1812 consideran
440 1769 474 1812 as
495 1769 545 1812 res
566 1757 599 1812 et
620 1759 685 1812 tem
709 1771 746 1813 us
761 1758 793 1813 et
808 1746 1017 1835 diligentiam.

78 1839 127 1902 19.
146 1835 294 1900 Alterum
308 1833 371 1900 cst³
382 1833 505 1910 vitium,
516 1831 602 1919 quod
617 1770 747 1919 quiddam
760 1833 854 1898 nimis
864 1854 1018 1920 magnum

74 1920 216 1985 studium
237 1919 447 2004 multamque⁴
469 1941 596 2006 operam
618 1919 650 1984 in
676 1941 726 1984 res
751 1920 899 1985 obscuras
921 1931 1018 2005 atque

72 2006 214 2072 difficiles
222 2006 387 2072 conferunt
396 2005 584 2092 easdemque
592 2026 655 2070 non
666 2005 867 2071 necessarias.
892 2004 1018 2079 Quibus

74 2091 158 2156 vitiis
174 2091 350 2169 declinatis,
365 2091 451 2178 quod
460 2091 498 2154 in
517 2091 611 2156 rebus
628 2091 770 2156 honestis
789 2102 822 2156 et
836 2091 1018 2240 cognitione

74 2176 180 2265 dignis
194 2177 321 2265 operae⁵
335 2198 489 2262 curaeque
509 2188 654 2264 ponetur,
677 2177 711 2242 id
721 2178 794 2264 jura
815 2177 870 2244 lau
891 2177 1017 2254 abitur3

75 2275 111 2328 ut
124 2265 158 2328 in
172 2263 346 2350 astrologia
363 2261 777 2364 0.Su1picium·audimus⁶‚
794 2263 827 2327 in
842 2262 1017 2364 geometria

78 2349 155 2414 Sex.
173 2349 366 2451 Pompeium
381 2349 443 2434 rpsi
465 2371 503 2414 co
549 2370 684 2427 ovrmus,
709 2347 826 2414 multos
843 2370 876 2412 rn
901 2347 1018 2414 draleo·

76 2435 156 2513 ticis,
173 2435 280 2538 plures
300 2458 334 2500 ru
353 2457 426 2520 Jure
440 2434 491 2499 civ
538 2459 547 2498 r
570 2456 652 2520 quae
667 2456 776 2499 omnes
790 2447 874 2499 artes
894 2434 929 2498 in
950 2434 1017 2499 veri

73 2521 318 2608 investrgatione
330 2531 508 2596 versantur3
523 2521 614 2606 cujus
625 2520 731 2585 studio
742 2541 761 2585 a
772 2521 864 2585 rebus
872 2520 1018 2607 gerendis

47 2667 52 2674 .
74 2606 200 2684 abduci,
217 2617 327 2672 contra
341 2605 479 2671 officium
492 2617 553 2671 est.
582 2605 720 2671 Virtutis
734 2607 818 2670 enim
831 2606 901 2670 laus
915 2605 1018 2671 omnis

74 2693 107 2757 in
120 2694 246 2758 actione
260 2692 422 2759 consistit:
438 2714 457 2757 a
494 2714 535 2756 ua
550 2702 656 2756 tamen
670 2691 708 2757 fit
720 2691 911 2757 intermissio
922 2713 1017 2778 saepe

70 2779 227 2866 justique⁷
242 2777 358 2844 dantur
371 2778 412 2843 ad
426 2713 529 2842 studia
543 2776 677 2845 reditus:
699 2788 767 2842 tum
782 2777 915 2865 agitatio
929 2799 1017 2842 men-

75 2865 124 2944 tis,
151 2887 236 2951 quae
257 2886 432 2950 numquam
452 2863 639 2950 adquiescit,
661 2875 766 2951 potest
784 2885 842 2928 nos
856 2863 889 2928 in
904 2863 1017 2929 studiis

104 3059 147 3108 Vl.
158 3055 194 3122 (¹)
206 3058 226 3105 1.
238 3073 258 3106 s.
269 3057 375 3120 partibus
392 3058 440 3105 sive
451 3073 524 3118 gene-
563 3060 702 3120 trajectumr
718 3073 740 3106 v.
756 3057 794 3106 ad.
813 3057 847 3105 rii.
864 3057 904 3105 2⁵.
921 3058 960 3104 95.
977 3058 1018 3108 in.

73 3123 151 3172 ribus:
168 3123 240 3172 ostii.
248 3126 269 3170 2.
278 3124 350 3172 7-9.
362 3123 400 3170 il'r.
434 3121 468 3186 (⁹)
477 3124 523 3184 Np.
564 3125 637 3172 Porro
648 3124 818 3184 etiamlongius
826 3130 942 3170 remotum
950 3124 1018 3184 geni·

74 3189 130 3236 alius
146 3189 194 3237 alio
210 3188 316 3236 facilius:
333 3187 380 3234 vid.
398 3189 482 3236 Mattln
494 3188 525 3234 ud
564 3189 640 3237 tivum
651 3197 717 3237 notat
728 3189 813 3236 Matth.
825 3189 855 3235 ad
866 3202 899 3235 or.
910 3189 935 3234 in
947 3189 1018 3238 earu

72 3268 102 3301 or.
108 3271 150 3316 pro
160 3255 190 3302 L.
199 3255 235 3302 M.
245 3256 267 3301 9.
277 3255 316 3301 23.
359 3249 392 3315 (³)
402 3253 465 3300 Nota
477 3253 526 3302 dis·
566 3253 596 3301 iv.
611 3255 684 3302 8.16.
712 3249 893 3318 (⁵)Sc.operam
901 3254 1018 3312 posuisset

73 3321 171 3368 solutam
187 3319 358 3380 appositionem
368 3335 374 3366 ε
392 3319 439 3366 vid.
458 3320 527 3366 llen·
567 3319 598 3367 cf.
610 3320 646 3366 19.
656 3319 695 3366 39.
702 3319 748 3374 isa,
754 3325 881 3379 peccantur
886 3324 914 3364 ut
923 3320 963 3366 illc
972 3336 982 3373 ‚⁰
992 3319 1017 3368 ii.

73 3385 170 3433 richsen.
192 3385 224 3432 ad
245 3385 274 3432 dc
299 3385 338 3433 Or.
356 3383 381 3430 ii.
401 3383 441 3433 27.
463 3385 524 3444 116,
567 3385 604 3430 14.
620 3387 666 3441 66,
676 3382 819 3447 sariendam,
836 3383 910 3438 utils
926 3383 959 3430 iii.
979 3385 1017 3431 11.

75 3449 177 3510 Madvig.
184 3451 215 3496 od
225 3451 254 3497 dc
261 3449 289 3496 F.
296 3465 319 3513 p.
329 3441 383 3498 668.
394 3463 429 3509 sq.
447 3445 480 3512 (⁴)
487 3451 524 3500 Sc.
564 3451 612 3506 46..
621 3456 738 3510 μαπέειν,
752 3455 790 3496 ut.
799 3451 899 3502 ,metris
916 3449 977 3497 adde
987 3449 1017 3496 dc

73 3515 148 3564 nimis.
181 3511 216 3578 (⁵)
232 3513 524 3577 Ctprouquodcumge·
563 3513 674 3562 aito.
695 3514 731 3562 17.
753 3510 805 3576 (ubi
829 3515 897 3576 plura
912 3511 1016 3574 Madvig.

74 3581 144 3630 nitivo
163 3581 236 3628 etiarn
253 3579 292 3627 ilr.
310 3581 348 3627 68.
367 3578 429 3636 137,
440 3579 473 3627 iii.
487 3581 524 3628 16.
564 3593 588 3640 p.
601 3576 713 3640 rto.)‚iv.
724 3581 745 3626 4.
757 3581 781 3626 9.
814 3579 961 3638 Detempore
972 3592 1016 3625 uu·

75 3644 118 3702 67,
136 3648 169 3694 cd
180 3645 252 3693 nix.
264 3647 287 3693 9.
303 3647 335 3702 2.,
353 3644 402 3692 xiii.
416 3645 436 3692 1.
451 3646 483 3691 t:
499 3645 525 3692 id
564 3645 747 3704 temptamenti
766 3645 791 3691 in
806 3659 828 3690 v.
842 3645 948 3690 audimur
962 3642 1016 3690 vide

9 3747 10 3752 ,
74 3720 149 3759 autem
171 3711 309 3767 tenendum,
326 3711 456 3772 genitivum
472 3723 524 3757 esse
564 3709 679 3758 Dierrtct.
700 3709 743 3760 Qu.
762 3709 803 3757 Gr.
821 3723 844 3771 p.
861 3707 1015 3753 2191191-

9 3791 10 3798 ’
76 3777 136 3840 quasi
161 3790 191 3824 ex
213 3775 397 3824 demonstrativo
418 3776 524 3826 membro
563 3775 744 3824 hensestede
752 3775 792 3824 Or.
801 3772 870 3822 uta.
879 3771 918 3818 96.
935 3765 969 3832 G)
979 3769 1016 3818 ltu
