2450 4478
233 409 289 468 102
575 401 634 462 DE
657 397 838 460 OFFICIIS

233 566 375 630 nostrdm
390 560 553 650 pertinet?
590 560 685 624 Illum
699 561 830 624 fortasse
840 553 979 646 adjurat,
992 561 1050 646 qui
1065 558 1173 626 habet.

235 653 287 716 Ne
312 649 343 713 id
365 647 492 734 quidem
515 669 648 733 semper.
697 646 760 710 Sed
785 647 834 710 fac
854 647 985 730 juvare:
1010 647 1173 712 utentior¹¹

234 759 307 802 sane
333 735 394 810 sit3
417 732 578 797 honestior
598 755 671 797 vero
690 731 875 817 quomodo?
922 732 1021 806 Quod
1035 733 1062 796 si
1079 733 1174 797 etiam

235 824 335 887 bonus
350 820 409 885 erit
423 818 480 897 vir,
504 841 543 882 ne
558 818 730 904 impediant
744 816 882 894 divitiae,
907 840 972 902 quo
995 819 1106 882 minus
1126 822 1174 905 ju-

236 918 337 983 vetur,
362 904 509 969 modone
524 903 672 968 ad'uvent
686 928 693 967 :
709 904 812 988 sitque
822 925 913 966 omne
924 904 1099 989 judicium,
1115 927 1174 968 nou

236 1015 330 1079 quam
343 991 495 1077 locuples,
519 927 573 1054 sed
587 989 713 1075 qualis¹²
727 991 859 1075 quisque
881 987 933 1053 sit.
981 989 1173 1054 Extremum
1202 985 1203 1002 ¹

237 1090 341 1144 autem
356 1088 558 1163 praeceptum
575 1076 608 1139 in
629 1074 787 1140 beneficiis
811 1097 967 1161 operaque
994 1076 1114 1154 danda,
1138 1100 1174 1140 ne

237 1163 312 1250 quid
338 1173 446 1228 contra
470 1161 662 1247 aequitatem
687 1160 866 1238 contendas,
890 1160 1022 1247 nequid
1047 1184 1110 1248 pro
1130 1163 1174 1226 in·
1202 1163 1203 1236 ξ

233 1250 327 1337 juria.
373 1247 627 1312 Fundamentum
648 1248 731 1310 enim
750 1259 798 1312 est
819 1259 988 1333 perpetuae
1014 1270 1174 1312 commen-
1202 1245 1203 1306 3

236 1335 370 1400 dationis
385 1344 417 1399 et
431 1334 533 1398 famae
543 1332 678 1418 justitia,
704 1332 771 1396 sine
794 1355 857 1418 qua
878 1332 958 1396 nihil
981 1345 1173 1420 potestesse

236 1421 405 1486 laudabile.
1202 1435 1203 1476 ς

282 1507 389 1571 ΧΧΙ.
406 1507 457 1573 72.
477 1504 550 1581 Sed,
568 1503 716 1590 quoniam
728 1504 766 1568 de
775 1526 812 1567 eo
821 1525 935 1590 genere
946 1503 1172 1569 beneficiorum
1202 1495 1203 1500 ἵ

238 1593 430 1670 dictumest,
454 1591 545 1677 quae¹
565 1591 603 1654 ad
627 1589 768 1676 singulos
783 1600 944 1676 spectant3
968 1590 1122 1678 deinceps
1137 1592 1173 1655 de
1202 1623 1203 1626 ¹

236 1681 284 1758 iis,
310 1702 390 1766 quae
405 1678 445 1744 ad
460 1679 619 1742 universos
635 1697 778 1760 quaeque
793 1675 832 1739 ad
846 1698 910 1738 rem
924 1676 1089 1762 publicam
1105 1700 1172 1763 per-

237 1767 349 1844 tinent,
363 1762 584 1851 disputandum
594 1773 652 1826 est.
700 1761 818 1825 Eorum
830 1772 936 1825 autem
946 1761 1090 1847 ipsorum
1104 1785 1171 1848 par-

237 1852 307 1916 tim²
322 1849 474 1938 ejusmodi
488 1859 573 1926 sunt,
597 1860 632 1911 ut
647 1847 687 1911 ad
701 1847 863 1910 universos
879 1847 963 1911 cives
978 1849 1169 1933 pertineant,

236 1938 360 2022 partim,
377 1935 518 2022 singulos
533 1944 569 1997 ut
583 1934 751 2020 attingant,
775 1956 855 2017 quae
881 1945 955 1996 sunt
980 1933 1077 1998 etiam
1101 1957 1172 2020 gra·
1202 2007 1203 2024 χ

237 2023 327 2087 tiora.
373 2019 489 2085 Danda
504 2041 598 2104 opera
612 2032 659 2083 est
673 2019 811 2095 omnino,
836 2019 861 2082 si
876 2020 985 2104 possit,
1004 2021 1168 2106 utrisque³,

237 2131 294 2172 nec
314 2107 427 2182 minus,
452 2114 488 2167 ut
502 2105 596 2168 etiam
611 2105 744 2192 singulis
759 2105 949 2182 consulatur,
973 2105 1028 2169 sed
1054 2106 1111 2183 ita,
1136 2119 1169 2169 ut

239 2217 275 2258 ea
288 2215 336 2256 res
351 2202 406 2256 aut
421 2191 520 2278 prosit
529 2202 584 2254 aut
599 2201 681 2255 certe
697 2191 749 2254 ne⁴
764 2191 846 2255 obsit
865 2191 908 2253 rei
923 2190 1081 2277 publicae.
1130 2194 1167 2257 C.

242 2277 380 2344 Gracchi
395 2276 595 2341 frumentaria
606 2299 721 2362 magna
731 2275 876 2362 largiti03
893 2275 1102 2341 exhauriebat
1110 2301 1170 2365 rgr

238 2377 289 2430 tur
303 2363 472 2429 aerarium:
495 2362 617 2427 modica
635 2363 683 2426 M.
704 2361 830 2427 Octavii
846 2373 877 2426 et
900 2362 1107 2448 reipublicae
1123 2378 1169 2428 to-

237 2450 375 2516 lerabilis
394 2460 426 2513 et
445 2448 531 2535 plebi
553 2449 743 2522 necessaria3
767 2469 843 2534 ergo
868 2457 900 2510 et
924 2448 1046 2513 civibus
1071 2461 1104 2513 ct
1126 2451 1168 2514 rei

237 2537 380 2623 publicae
409 2535 562 2600 salutaris.
607 2536 658 2601 73.
685 2535 722 2597 ln
743 2535 848 2619 primis
868 2543 974 2597 autem
1001 2533 1167 2600 videndum

237 2622 295 2686 erit
318 2621 357 2699 ei,
382 2622 437 2706 qui
462 2643 526 2685 rem
554 2621 712 2707 publicam
737 2619 975 2698 administrabit,
1010 2632 1048 2685 ut
1077 2643 1167 2686 suum

237 2707 368 2792 quisque
384 2719 499 2785 teneat,
524 2728 626 2791 neque
651 2706 689 2769 de
714 2705 804 2769 bonis
823 2705 1016 2791 privatorum
1045 2708 1170 2794 publice

235 2793 407 2857 deminutio
421 2792 487 2856 fiat.
534 2791 711 2856 Perniciose
727 2791 809 2854 enirn
836 2791 1005 2878 Philippus
1020 2792 1053 2856 in
1070 2793 1165 2858 tribu-

200 2937 204 2946 .
235 2891 322 2956 natu,
347 2901 446 2964 quum
459 2878 562 2964 legem
577 2877 730 2964 agrariam
746 2876 849 2953 ferret,
873 2900 968 2963 quam
992 2890 1097 2943 tamen
1113 2903 1165 2944 an-

235 2965 349 3051 tiquari
363 2964 453 3029 facile
468 2985 576 3050 passus
592 2974 650 3037 est,
674 2975 706 3026 et
720 2963 753 3026 in
765 2985 803 3026 eo
819 2962 1033 3029 vehementer⁵
1052 2987 1086 3030 se
1099 2989 1164 3029 mo-

234 3051 374 3115 deratum
389 3050 552 3137 praebuit3
575 3047 642 3112 sed⁶
657 3071 754 3134 quum
768 3049 801 3111 in
815 3051 939 3136 agendo
953 3051 1054 3116 multa
1068 3075 1165 3138 popu-

234 3137 351 3213 lariter,
377 3149 444 3201 tum
454 3134 532 3198 illud
547 3134 639 3212 male,
662 3156 724 3200 noa
739 3157 805 3198 erse
820 3141 854 3199 in
869 3139 998 3202 civitate
1013 3139 1075 3202 duo
1093 3141 1163 3202 mil·

234 3225 280 3286 lia
295 3223 464 3302 bominum,
487 3224 622 3307 quirem
637 3223 796 3286 habereut.
844 3221 998 3308 Capitalis
1014 3224 1111 3287 oratio
1134 3237 1162 3288 et

234 3398 680 3458 8.,“uturoreaeligerentur,nonpeca·
720 3395 754 3459 (³)
766 3398 784 3443 l.
796 3411 817 3442 e.
829 3406 853 3444 et
867 3396 981 3444 universis
991 3405 1015 3444 et
1025 3399 1120 3458 singulis
1139 3410 1163 3446 ut

235 3465 310 3511 nioc.”
344 3460 387 3526 (¹¹)
399 3463 540 3509 ΟΜΝ.
553 3462 679 3517 18.57.,de
718 3464 858 3509 consulatur.
892 3459 926 3524 (⁴)
938 3464 996 3510 Vide
1015 3465 1117 3524 Madvig.
1135 3469 1162 3511 ad

236 3531 270 3577 M.
278 3531 368 3584 Crasso,
380 3527 440 3587 “qui
452 3534 531 3574 tamen
544 3528 634 3574 solebat
646 3530 681 3575 uti
720 3529 747 3574 de
756 3529 783 3574 F.
795 3543 817 3587 p.
828 3527 890 3584 254„
900 3543 942 3574 uos
951 3529 1016 3576 adde
1028 3531 1071 3576 Fa
1081 3531 1114 3576 13.
1123 3531 1159 3576 22.

234 3589 369 3643 suobono.''
402 3589 443 3654 (¹²)
456 3593 476 3638 1.
485 3607 505 3638 e.
516 3607 587 3652 quam
598 3595 679 3640 bonus.
720 3588 753 3652 (⁵)
781 3593 843 3638 Nota
867 3607 1004 3652 oxymoron,
1025 3597 1160 3643 ocbenrmter

233 3711 236 3718 ,
268 3661 334 3708 ΧΧΙ.
352 3653 384 3722 (¹)
400 3659 528 3716 l.e.quod
542 3665 578 3704 est
591 3672 679 3715 eorum,
718 3659 863 3705 moderatum.
896 3652 1159 3720 (⁶lNotaredinparen·

237 3723 347 3787 qu'ae—.
381 3719 412 3784 (²)
432 3724 484 3770 Le.
502 3723 630 3782 quaedam:
649 3723 678 3769 cf.
718 3722 795 3776 thesi;
821 3723 849 3770 cl.
868 3723 900 3771 iii.
924 3725 961 3769 26.
985 3726 1024 3771 97.
1044 3726 1097 3772 ila:
1115 3727 1159 3772 vid.

236 3794 264 3839 de
275 3793 314 3838 Or.
326 3789 350 3839 ii.
363 3791 401 3838 22.
413 3789 459 3846 94,
468 3789 495 3836 de
504 3788 534 3834 D.
542 3787 566 3834 ii.
578 3789 616 3856 ⁵⁵:
625 3788 678 3834 113.
719 3787 803 3835 Marta.
827 3792 856 3836 ad
873 3803 906 3836 or.
926 3791 951 3835 in
964 3789 1033 3838 Catil.
1050 3791 1082 3836 iii.
1098 3791 1117 3835 2.
1137 3792 1157 3836 3.
