2472 4432
291 372 330 425 36
621 367 678 425 DE
701 363 881 425 OFFICIlS

291 526 490 602 constituere,
508 525 584 611 quid
605 524 745 589 accidere
766 524 864 612 possit
879 523 912 588 in
927 535 1099 612 utramque
1116 547 1180 613 part

290 624 323 676 et
345 612 421 696 quid
442 611 600 698 agendum
622 610 673 687 sit,
691 633 789 696 quum
811 610 886 695 quid
900 612 1053 690 evenerit,
1072 635 1138 678 nec
1154 635 1180 680 ct

290 697 424 774 mittere,
448 712 483 761 ut
506 696 675 782 aliquando
700 697 865 761 dicendum
886 695 938 774 sit,
955 699 1031 762 Noa
1050 711 1180 781 patara

293 783 382 848 Haeo
404 794 478 846 sunt
493 805 586 868 opera
601 783 708 870 magni
723 782 819 846 animi
834 792 866 846 et
881 781 995 847 excelsi
1011 795 1043 883 et
1059 786 1180 870 pruder

288 868 482 954 consilioque
494 867 629 932 fidentis·
676 868 810 932 Temere
823 878 930 931 autem
938 869 970 932 in
980 891 1049 932 acre
1067 892 1180 934 versan

287 975 383 1018 manu
398 977 469 1017 cum
484 954 573 1018 hoste
588 953 756 1040 confligere
767 953 903 1018 immane
917 953 1114 1038 quiddamst
1124 957 1180 1022 bel

287 1062 357 1102 rum
372 1040 472 1104 simile
487 1051 556 1104 est:
580 1039 645 1116 sed,
662 1061 760 1124 quum
769 1050 893 1124 tempus
902 1039 1145 1126 necessitasque
1161 1066 1180 1128 p

287 1125 379 1201 tulat‚
397 1125 619 1192 decertandum
639 1147 734 1189 manu
755 1136 803 1190 est
818 1136 851 1189 et
865 1147 947 1190 mors
962 1125 1113 1192 servituti
1132 1139 1180 1192 tur

287 1211 452 1296 tudinique
468 1210 695 1296 anteponenda.

334 1297 476 1362 XXIV.
511 1302 562 1361 82.
587 1298 640 1360 De
662 1296 836 1360 evertendis
851 1309 956 1360 autem
978 1296 1180 1386 diripiendisq

286 1382 417 1448 urbibus
432 1383 523 1448 valde
539 1381 796 1448 considerandum
811 1392 868 1459 est,
886 1381 1016 1468 nequid
1036 1395 1171 1462 temere,

284 1469 360 1554 quid
382 1469 566 1534 crudeliter:
589 1468 684 1554 idque
704 1478 753 1532 est
767 1467 824 1530 viri
837 1467 956 1555 magni,
973 1467 1068 1532 rebus
1083 1470 1180 1556 agitat

285 1555 396 1640 punire
411 1567 526 1632 sontes,
543 1553 777 1618 multitudinem
795 1575 990 1628 conservare,
1008 1553 1042 1617 in
1058 1557 1149 1619 omni
1164 1557 1180 1634 fv

284 1655 362 1705 tuna
386 1654 471 1706 recta
497 1653 592 1726 atque
614 1639 747 1704 honesta
768 1639 910 1702 retinere.
958 1639 1008 1704 Ut
1030 1640 1118 1704 enim
1141 1664 1180 1712 su

284 1727 546 1811 quemadmodum
567 1748 661 1811 supra
676 1725 751 1802 dixi,
768 1725 822 1809 qui
842 1724 968 1789 urbanis
983 1726 1077 1790 rebus
1093 1725 1180 1796 belli<

283 1812 499 1898 anteponant&
518 1810 562 1875 sic
577 1811 712 1896 reperias
727 1811 854 1886 multos,
871 1810 986 1896 quibus
996 1811 1177 1895 periculosa

284 1898 395 1962 calida³
409 1897 540 1961 consilia
562 1896 676 1981 quietis
698 1906 729 1960 et
751 1897 897 1982 cogitatis
916 1906 947 1960 et
962 1896 1178 1982 splendidiora

282 1984 399 2068 majora
424 1983 598 2045 videantur.
650 1986 703 2045 83.
728 1981 910 2066 Numquam
936 1983 1063 2046 omnino
1087 1985 1180 2069 perio

282 2069 360 2154 faga
374 2065 633 2130 committendum
647 2078 704 2143 est,
721 2078 757 2130 ut
774 2067 917 2132 imbelles
932 2067 1097 2153 timidique
1113 2069 1180 2136 vide

282 2175 369 2217 mur:
393 2153 448 2217 sed
470 2151 657 2239 fugiendum
680 2153 774 2217 etiam
795 2152 883 2231 illud,
907 2176 947 2217 ne
972 2152 1139 2218 offeramus
1162 2180 1180 2228 n

281 2239 427 2324 periculis
452 2238 520 2302 sine
546 2260 640 2302 causa
652 2262 660 2314 ;
685 2260 748 2324 quo
770 2261 837 2303 esse
860 2239 939 2302 nihil
957 2250 1062 2325 potest
1077 2241 1180 2308 stultit

284 2326 485 2412 Quapropter
495 2325 527 2388 in
539 2323 853 2411 adeundis⁴periculis
865 2325 1057 2390 consuetudo
1066 2325 1180 2390 imitam

280 2411 470 2476 medicorum
484 2422 542 2488 est,
554 2410 609 2496 qui
623 2410 735 2474 leviter
750 2421 949 2497 aegrotantes
964 2409 1077 2475 leniter
1092 2433 1180 2478 curan

279 2497 473 2584 gravioribus
502 2509 608 2561 autem
629 2497 745 2561 morbis
770 2496 959 2581 periculosas
981 2496 1158 2562 curationes

279 2582 430 2668 ancipites
456 2581 602 2648 adhibere
627 2594 795 2671 eoguntur.
852 2582 960 2656 Quare
985 2582 1018 2644 in
1043 2585 1180 2669 tranquil

279 2679 499 2753 tempestatem
513 2668 674 2734 adversam
688 2680 796 2754 optare
811 2667 964 2732 dementis
976 2679 1034 2745 est,
1048 2669 1180 2736 subveni

278 2767 385 2820 autem
413 2755 593 2840 tempestati
620 2755 729 2839 quavis
758 2754 878 2818 ratione
907 2753 1074 2839 sapientis;
1111 2778 1180 2841 eoqt

277 2839 389 2928 uragis,
414 2841 440 2904 si
460 2840 533 2961 plus
558 2839 727 2926 adipiscare
750 2863 783 2904 re
807 2839 975 2926 explicata⁶
999 2840 1084 2917 boni,
1116 2862 1180 2925 qua]

278 2927 461 2992 addubitata
486 2925 573 2990 mali.
620 2925 820 2990 Periculosae
837 2937 942 2990 autem
956 2947 1058 2990 rerum
1072 2927 1180 2991 action<

277 3013 390 3099 partim
404 3012 442 3076 iis
457 3024 541 3089 sunt,
559 3011 614 3097 qui
622 3033 674 3076 eas
683 3011 764 3076 susci
787 3011 867 3089 iunt,
878 3013 991 3098 partim
1002 3011 1180 3097 reipublica

280 3099 424 3185 Itemque
447 3098 499 3164 alii
525 3097 564 3161 de
586 3096 661 3176 vita,
686 3097 739 3162 alii
759 3035 797 3162 de
819 3098 919 3185 gloria
940 3108 972 3162 et
992 3097 1180 3164 benevolenti

277 3184 392 3249 civium
406 3185 440 3248 in
455 3182 621 3249 discrimen
632 3195 794 3250 vocantur.
842 3183 1032 3248 Promtiores
1046 3184 1141 3272 igitur
1154 3186 1180 3250 dv

275 3357 309 3403 ad
319 3357 346 3402 1².
358 3371 379 3402 v.
392 3356 428 3402 16.
439 3359 460 3403 5.
484 3351 518 3418 (⁶)
528 3356 562 3403 Cf.
572 3357 648 3404 Valer.
656 3359 721 3405 Mor.
761 3373 822 3419 qnae
834 3359 906 3405 babet
918 3357 998 3407 Daris.
1010 3359 1040 3406 ad
1055 3359 1086 3406 N.
1098 3361 1127 3406 D.
1140 3362 1154 3408 ἰ.
1166 3363 1180 3408 2

275 3421 315 3468 vii.
327 3423 349 3468 2.
360 3429 384 3467 et
395 3422 471 3468 Seuer.
483 3423 511 3469 de
520 3423 562 3470 Ira
577 3423 601 3468 ii.
611 3423 648 3469 31.
659 3424 723 3484 apud
762 3425 800 3472 to.
835 3420 869 3485 (⁴)
882 3424 997 3484 Exempla
1014 3425 1104 3484 collegit
1121 3426 1180 3473 Matt

277 3487 300 3533 J.
314 3487 339 3534 F.
351 3486 423 3533 Heus.
760 3491 836 3536 ador.
848 3505 892 3549 pro
913 3488 975 3536 Sext.
989 3490 1024 3534 1⁰.
1037 3490 1074 3536 23.
1106 3487 1169 3552 (⁵)ll.

308 3552 395 3598 XXIV.
401 3548 435 3614 (¹)
442 3553 460 3598 1.
467 3567 487 3598 e.
493 3551 643 3600 consideratis
649 3561 720 3613 atque
760 3555 947 3616 expeditamque
959 3554 984 3602 in
996 3561 1072 3601 tutum
1080 3558 1180 3615 perducta

274 3618 414 3672 deliberetis.
444 3614 478 3678 (¹)
487 3617 523 3663 Al.
531 3624 675 3677 anteponunt,
683 3619 719 3664 id·
760 3619 1180 3678 &praemonst11.so.‚‘⁶Siei1ian

275 3699 321 3744 que
341 3685 423 3744 probet
440 3682 515 3728 Kritz.
535 3683 565 3728 ad
580 3683 674 3728 Sallust.
694 3683 719 3729 (1.
759 3683 906 3743 explicavitst'
927 3678 960 3745 (⁶)
971 3684 990 3730 Ι.
999 3698 1019 3730 e.
1027 3684 1045 3730 si
1053 3686 1109 3732 ursle
1117 3701 1141 3732 re
1148 3703 1180 3747 get

280 3751 282 3758 '
311 3750 366 3796 st:
384 3763 405 3796 v.
425 3749 456 3796 ad
473 3747 496 3794 2.
515 3750 536 3794 5.
554 3761 600 3808 spr.
634 3743 717 3810 (³)Cf.
759 3747 1180 3811 ta,effeceris,utdeipsaaddubitetn

62 4039 583 4392 mm
