2450 4478
260 350 298 406 92
597 347 655 406 DE
681 346 862 410 OFFICiiS

1196 473 1197 504 i

258 507 354 583 culli3
378 518 433 571 aut
447 505 642 593 patrocinio⁶,
659 519 695 572 ut
710 529 768 572 nos
787 529 844 594 pro
862 507 990 585 Siculis,
1016 531 1081 594 pro
1102 508 1188 574 Sard'

255 593 301 658 in¹
320 593 457 657 Albucio
471 592 587 657 Julius.
624 593 661 657 ln
676 593 849 660 accusando
864 593 961 658 etiam
975 594 1039 658 Μ’.
1057 595 1185 681 Aquiiii

260 680 299 744 L.
318 678 401 742 Fufii
424 678 554 764 cognita
577 677 728 744 industria
754 691 812 744 est.
861 678 980 744 Semel⁸
1004 679 1127 766 igitur,
1153 704 1188 744 au

257 787 321 829 non
335 786 426 848 saepe
443 775 525 828 certe
542 789 550 828 ε
571 764 618 828 sin
634 765 703 843 erit,
728 765 779 828 cui
794 764 968 830 faciendum
995 765 1039 829 sit
1061 768 1197 854 saepiuq

255 849 459 936 reipublicae
475 849 592 915 tribuat
606 848 667 914 hoc
681 851 828 928 muneris,
854 852 944 936 cujus
973 851 1132 918 inimicos
1159 853 1197 914 ul.

255 937 330 1000 cisci
343 935 478 1036 saepius,
504 958 568 1000 non
593 947 641 1000 est
663 935 963 1023 reprehendendum.
1010 937 1144 1002 Modus
1159 953 1197 1030 top

254 1044 326 1086 men
340 1021 437 1086 adsit:
454 1021 523 1086 duri
537 1022 620 1084 enim
635 1021 781 1100 hominis,
798 1022 848 1086 vel
864 1023 968 1108 potius
984 1021 1040 1086 vix
1059 1023 1197 1112 hominiq

255 1105 386 1184 videtur,
410 1107 584 1192 periculum
598 1107 710 1192 capitis
733 1107 848 1172 inferre
871 1107 990 1172 multis.
1039 1109 1084 1173 Id
1100 1133 1197 1196 quum

252 1193 463 1280 periculosum
476 1193 536 1280 ipsi
551 1204 608 1270 est,
632 1205 700 1257 tum
715 1196 810 1258 etiam
825 1193 983 1258 sordidum
998 1193 1054 1257 ad⁹
1065 1197 1197 1280 famam„

254 1280 450 1344 committere
481 1292 516 1343 ut
536 1278 722 1342 accusator¹⁰
744 1280 924 1355 nominere3
948 1280 1034 1364 quod
1056 1281 1197 1368 contigit

254 1365 305 1430 M.
324 1366 435 1442 Bruto,
459 1387 581 1429 summo
596 1387 712 1450 genere
725 1380 810 1438 nato,
834 1363 1007 1443 illiusfiiio,
1033 1367 1097 1450 qui
1112 1368 1197 1452 juris

251 1451 350 1516 civilis
370 1452 403 1515 in
426 1452 533 1538 primis
548 1454 666 1537 peritus
679 1450 752 1515 fuit.
795 1455 849 1514 51.
879 1453 985 1536 Atque
1008 1455 1110 1516 etiam
1133 1453 1192 1516 hoc

251 1551 454 1626 praeceptum
469 1537 562 1600 officii
577 1536 746 1622 diligenter
760 1535 930 1600 tenendum
944 1548 1002 1615 est,
1028 1561 1071 1601 ne
1093 1561 1189 1624 quem

249 1645 398 1709 umquam
412 1625 612 1688 innocentem
620 1621 740 1708 judicio
755 1623 865 1709 capitis
880 1644 1036 1687 arcessas:
1060 1624 1096 1688 id
1107 1625 1189 1688 enim

248 1709 315 1773 sine
330 1711 446 1774 sceiere
460 1709 527 1773 fieri
549 1708 636 1771 nullo
652 1719 744 1794 pacto
766 1719 880 1794 potest.
927 1707 1013 1772 Nam
1034 1709 1117 1794 quid
1141 1724 1187 1775 est

247 1809 313 1859 tam
340 1795 557 1872 inhumanum,
592 1815 687 1880 quam
712 1794 934 1878 eloquentiam,
963 1816 983 1857 a
1005 1807 1125 1860 natura
1148 1797 1185 1859 ad

246 1882 380 1945 salutem
397 1879 561 1943 hominum
587 1879 682 1944 etad
708 1879 976 1944 conservationem
1001 1880 1121 1959 datam,
1146 1882 1184 1945 ad

244 1965 399 2030 bonorum
414 1978 534 2050 pestem
547 1965 778 2050 perniciemque
793 1966 1003 2030 convertere?
1050 1965 1126 2032 Nec
1137 1981 1182 2031 ta·

244 2072 326 2125 men,
350 2049 457 2114 uthoc
472 2049 654 2170 sopiendum
669 2062 727 2128 est,
752 2053 827 2114 item
847 2064 894 2114 est
908 2050 1093 2115 habendum
1114 2054 1181 2117 reli-

268 2136 332 2199 'oni
343 2145 507 2199 nocentem
522 2135 528 2170 ¹
545 2135 711 2220 aliquando
722 2136 810 2200 ιιοη12
821 2135 974 2200 nefarium
983 2137 1180 2224 impiumque

241 2159 415 2286 ddsendere.
464 2219 543 2284 Vult
556 2218 616 2285 hoc
631 2221 808 2300 multitudo,
833 2222 952 2308 patitur
967 2225 1174 2301 consuetudo,

241 2308 301 2372 fert
315 2307 410 2371 etlam
424 2304 613 2370 humanitas.
657 2306 777 2372 Judiois
800 2322 848 2372 est
873 2330 995 2394 semper
1019 2309 1056 2373 in
1077 2311 1176 2374 causis

243 2416 349 2458 verum
364 2393 470 2478 sequi3
495 2392 618 2477 patroni
627 2415 863 2479 nonnumquam
874 2394 941 2457 veri
955 2393 1070 2472 simile,
1083 2398 1175 2461 etiam

240 2480 266 2542 si
281 2480 384 2542 minus
406 2479 446 2542 sit
462 2501 580 2556 verum,
605 2479 786 2542 defendere:
810 2478 895 2564 quod
915 2479 1062 2559 scribere,
1089 2505 1174 2568 prae-

238 2567 344 2629 sertim
359 2586 458 2649 quum
473 2563 512 2628 de
526 2563 725 2651 philosophia
738 2565 915 2640 scriberem,
934 2587 995 2628 non
1012 2567 1171 2644 auderem,

237 2651 296 2714 nisi
318 2650 400 2715 idem
422 2651 557 2736 placeret
579 2649 764 2738 gravissimo
792 2650 979 2728 Stoicorum,
1007 2651 1171 2718 Panaetio.

238 2737 381 2802 Maxime
406 2748 512 2801 autem
534 2747 565 2800 et
588 2736 689 2822 gloria
708 2736 825 2822 paritur
847 2748 879 2801 et
899 2736 1003 2836 gratia
1018 2737 1171 2803 defensio-

235 2822 346 2898 nibus3
369 2844 469 2908 eoque
493 2823 602 2908 major,
628 2821 654 2885 si
672 2822 798 2906 quando
813 2821 938 2895 accidit,
960 2834 996 2886 ut
1011 2824 1041 2886 ei
1057 2825 1170 2890 subve-

234 2908 371 2986 niatur¹³,
407 2909 463 2994 qui
488 2907 626 2994 potentis
651 2907 786 2995 alicujus
812 2908 923 2994 opibus
953 2909 1168 2975 circumveniri

234 3054 268 3120 (⁶)
279 3059 315 3105 Sic
329 3060 355 3105 ii.
370 3060 389 3105 l.
402 3067 426 3105 et
437 3059 475 3104 2.ι
498 3059 527 3105 al.
545 3060 676 3117 patrocinii.
714 3058 819 3120 junctive
835 3059 885 3105 sine
899 3061 969 3105 verbo
988 3061 1079 3119 positae
1102 3078 1164 3122 repe·

233 3121 267 3184 (⁷)
282 3125 318 3170 ita
336 3139 364 3169 ex
387 3125 455 3170 Bern.
471 3127 489 3170 l.
510 3135 534 3169 et
546 3125 567 3168 2.
587 3123 676 3169 Oreil.:
718 3124 815 3170 riantur.
849 3124 934 3184 Scripsi
946 3134 1025 3170 autem
1040 3141 1085 3173 non
1105 3125 1164 3188 nefa·

231 3190 293 3248 vulg.
303 3204 346 3248 pro
358 3191 389 3244 S„
399 3205 441 3248 pro
449 3189 482 3234 M.
489 3189 520 3235 A.
528 3189 552 3235 J.
585 3184 618 3249 (⁸)
632 3189 678 3248 Np.
717 3190 784 3244 rium,
797 3191 819 3235 ir.
831 3203 851 3235 e.
864 3191 903 3249 qui
915 3191 1010 3248 quidem
1021 3205 1069 3236 non
1081 3193 1111 3238 sit
1125 3208 1162 3238 ne·

230 3254 416 3300 faciendumest.
445 3251 479 3315 (⁹)
492 3255 527 3299 Gi.
547 3254 574 3300 de
594 3253 632 3299 Or.
653 3253 676 3298 ii.
717 3254 800 3309 iarius,
817 3255 906 3300 collatis
917 3255 955 3300 his
965 3255 1029 3310 iocis,
1041 3270 1088 3315 rpr.
1099 3257 1113 3302 i.
1126 3258 1160 3302 31.

230 3321 268 3365 49.
277 3321 339 3369 200..
348 3319 434 3364 “Nihil
443 3322 474 3365 ad
481 3319 677 3365 existimationem
720 3321 781 3376 110„
804 3319 818 3343 “
827 3319 940 3366 Tenenda
950 3328 1006 3365 runt
1022 3335 1064 3366 sua
1077 3325 1156 3382 cuique

230 3385 344 3444 turpius.”
366 3385 419 3430 Vid.
433 3385 517 3430 Mattir.
534 3385 563 3430 ad
583 3397 615 3430 or.
634 3399 677 3442 pro
716 3399 759 3430 non
772 3384 853 3430 vitiosa
862 3383 886 3438 ;”
896 3393 921 3430 et
931 3385 969 3430 3³.
982 3385 1042 3440 120„
1055 3387 1069 3410 “
1079 3387 1158 3437 uniar

230 3449 456 3497 ilorc.11nr.30.d5.
485 3447 530 3509 (¹⁰)
543 3449 596 3494 Vid.
609 3449 675 3494 lien·
716 3457 813 3495 naturae
830 3463 886 3496 suae
907 3464 951 3495 non
972 3449 1067 3496 vitiosae
1089 3466 1157 3510 genus

229 3516 327 3562 richsen.
339 3516 369 3561 ad
380 3516 408 3562 de
422 3515 460 3562 Or.
473 3514 495 3560 ii.
509 3517 546 3559 54.
559 3515 613 3560 220.
631 3510 675 3574 (¹¹)
715 3514 1156 3570 consiliumrivendiomnecontuierit;''

230 3583 267 3628 Cf.
277 3597 319 3640 pro
331 3581 424 3626 Snilai.
433 3581 454 3626 6.
489 3575 532 3640 (¹¹)
541 3580 614 3625 Codd.
625 3581 675 3638 pie·
713 3579 750 3625 iir.
764 3581 802 3624 20.
815 3577 861 3635 70.,
881 3581 896 3606 ‘⁸
904 3581 992 3626 Omnes
1007 3594 1051 3626 oon
1064 3580 1155 3641 improbi

227 3646 293 3707 rique
306 3644 388 3708 (nostri
408 3641 502 3704 omnes)
513 3651 536 3690 et
546 3641 659 3705 nefarium
666 3660 675 3697 ‚·
715 3645 826 3691 humiles.
835 3644 988 3704 ,praesidium
1000 3644 1043 3690 ribi
1054 3655 1152 3705 paratum

228 3712 295 3770 pauci
315 3726 368 3758 cum
380 3710 457 3756 Nonio
474 3711 537 3756 modo
558 3725 593 3765 ne,
615 3723 675 3768 quae
713 3709 816 3755 vident.''
841 3706 885 3770 (¹³)
894 3709 943 3755 Eut
951 3724 998 3756 non
1008 3712 1152 3770 estprcporiti

228 3777 353 3834 particulae
365 3775 443 3823 nescio
461 3789 490 3821 an
509 3774 563 3820 alibi
578 3775 611 3822 sic
626 3774 673 3820 dis·
714 3774 836 3822 varietates
854 3773 981 3835 scripturae
998 3775 1151 3836 multiplicare,
