2472 4432
271 365 307 422 to
602 360 661 424 DE
684 358 865 420 OFFICIIS

268 521 481 610 cogitationis⁸
491 519 586 584 etiam
595 520 663 585 sine
671 541 767 606 opera
777 529 885 584 nostra
895 517 1072 584 continere.
1106 518 1155 584 Or

268 620 374 674 autem
400 605 551 693 cogitatio
575 617 743 691 motusque
764 603 860 669 animi
878 617 934 669 aut
948 604 981 669 in
998 604 1151 670 consiliis

269 691 389 844 piendis
410 691 448 756 de
471 693 563 756 rebus
587 690 727 756 honestis
749 702 781 755 et
806 690 1041 777 pertinentibus
1065 689 1110 754 ad
1140 691 1156 754 b

291 789 423 862 eateque
444 776 611 841 vivendum
633 788 689 842 aut
704 777 736 841 in
751 776 863 841 studiis
882 777 1035 841 scientiae
1056 776 1156 862 cogni

269 864 379 1014 piaque
389 862 585 984 vporsabitud.
632 864 681 927 Ac
696 862 735 928 de
750 862 851 949 primo
870 862 997 949 quidem
1013 861 1116 927 officii
1133 863 1156 927 f<

291 971 406 1014 numus
433 995 441 1013 .

315 1034 399 1099 VII.
423 1037 476 1098 20.
494 1033 547 1099 De
567 1034 668 1100 tribus
687 1046 795 1100 autern
810 1034 938 1120 reliquis
953 1033 1112 1099 latissime
1130 1056 1157 1119 p:

269 1142 307 1185 ea
329 1120 420 1198 ratio,
447 1142 510 1205 qua
535 1121 668 1185 societas
689 1121 857 1186 bominum
877 1123 958 1206 inter
973 1120 1061 1206 ipsos
1082 1131 1116 1184 et
1137 1143 1157 1184 v

269 1206 359 1307 quasi
370 1206 578 1272 communitas
593 1207 789 1273 continetur:
813 1207 1017 1292 cujuspartes
1029 1206 1134 1281 duae;
1149 1211 1157 1290 j

271 1291 353 1369 ntia,
380 1291 415 1355 in
437 1314 500 1377 qua
520 1293 645 1357 virtutis
666 1292 814 1378 splendor
833 1304 882 1356 est
898 1293 1072 1369 maximus‚·
1087 1313 1158 1376 exc

270 1377 346 1442 boni
356 1377 413 1442 viri
424 1378 661 1456 nominantur²;
684 1389 717 1444 et
727 1377 802 1444 huic
812 1378 982 1464 conjuncta
990 1376 1158 1443 beneficen

271 1485 366 1549 quarn
389 1464 530 1528 eamdem
545 1464 595 1529 vel
609 1463 840 1551 benignitatem
855 1463 906 1528 vel
920 1462 1146 1529 liberalitatem

271 1549 396 1636 pellari³
420 1549 505 1616 licet.
552 1550 616 1615 Sed
635 1550 778 1636 justitiae
794 1549 934 1652 primurn
955 1571 1072 1613 munus
1096 1561 1157 1625 est,

272 1657 313 1700 ne
327 1636 379 1700 cui
395 1636 465 1722 quis
481 1647 603 1714 noceat,
619 1636 680 1701 nisi
694 1635 869 1701 lacessitus⁴
879 1634 1016 1721 injuria3
1038 1634 1159 1711 deinde.

273 1721 493 1810 communibus
507 1745 565 1809 pro
580 1720 813 1786 communibus³
820 1731 938 1798 utatur,
949 1721 1079 1806 privatis
1091 1732 1127 1784 ut
1137 1742 1159 1784 st

274 1812 325 1872 21.
353 1808 435 1873 Sunt
457 1819 563 1873 autem
585 1809 708 1893 privata
721 1807 810 1872 nulla
824 1818 947 1884 natura,
964 1805 1091 1871 sedant
1108 1819 1159 1871 vet

275 1893 491 1979 occupatione,
502 1904 538 1958 ut
547 1891 615 1978 qui⁶
626 1891 785 1978 quondam
798 1893 831 1956 in
847 1914 946 1957 vacua
960 1903 1113 1957 venerunt
1125 1915 1134 1967 ;
1158 1921 1160 1954 r

274 1978 414 2056 victoria,
431 1990 468 2042 ut
489 1977 545 2064 qui
565 1977 646 2043 bello
661 1977 755 2064 potiti
770 1988 865 2054 sunt;
882 1989 938 2042 aut
952 1978 1034 2065 lege,
1052 1978 1159 2064 pactio

275 2063 464 2141 conditione,
481 2075 585 2129 sorte:
608 2085 649 2128 ex
686 2084 726 2127 uo
740 2062 787 2140 fit,
805 2075 841 2129 ut
858 2086 935 2151 ager
951 2063 1100 2150 Arpinas⁷
1118 2067 1160 2128 Ar

275 2148 395 2213 natium
411 2147 543 2226 dicatur,
559 2085 774 2213 Tusculanus⁸
790 2149 1064 2224 Tusculanorum
1087 2149 1161 2214 simi.

275 2257 338 2319 que
351 2246 401 2300 est
415 2234 607 2322 privatarum
617 2234 848 2320 possessionum
862 2235 1039 2322 descriptio.
1085 2235 1161 2322 Exq

276 2321 351 2405 qnia
373 2341 465 2386 suurn
488 2321 640 2408 cujusque
662 2320 707 2399 fit,
725 2344 844 2400 eorum,
865 2343 948 2407 quae
962 2333 1073 2387 natura
1087 2323 1161 2386 iuerr

277 2407 466 2484 communia,
490 2407 575 2492 quod
597 2406 712 2491 cuique
734 2407 861 2495 obtigit,
879 2407 910 2472 id
925 2405 1070 2493 quisque⁹
1084 2417 1161 2472 tenet

277 2514 316 2556 eo
330 2493 357 2557 si
371 2493 427 2579 qui
441 2492 501 2558 sibi
523 2493 595 2580 plus
617 2504 757 2580 appetet,
775 2493 907 2559 violabit
929 2493 977 2557 ‘us
992 2491 1143 2557 humanae
1159 2521 1161 2556 ι

276 2577 410 2643 cietatis.
454 2583 506 2644 22.
534 2578 597 2644 Sed
609 2579 769 2666 quoniam,
782 2591 820 2645 ut
827 2601 921 2667 praec
935 2601 987 2643 are
1002 2577 1161 2665 scriptum·

276 2729 370 2791 scripsir
389 2744 443 2778 narn
451 2731 480 2778 R.
492 2729 633 2794 l.jooto'sqoe
640 2750 649 2786 ,·
665 2732 728 2792 vulg.
769 2731 841 2779 latino
851 2732 985 2792 geminato:
1002 2732 1029 2779 ct.
1041 2733 1063 2778 9.
1077 2733 1120 2789 28„
1131 2733 1154 2780 ii.

276 2795 401 2856 multique:
421 2796 451 2843 cf.
470 2797 498 2844 do
512 2797 551 2844 Or.
563 2796 578 2842 l.
593 2798 613 2843 l.
625 2799 653 2852 1.,
671 2799 685 2823 “
696 2797 729 2843 Ac
768 2797 816 2854 4⁰„
828 2799 863 2845 13.
875 2798 913 2844 44.
922 2799 969 2854 ira,
980 2799 1008 2844 de
1021 2798 1058 2844 Or.
1068 2797 1082 2842 i.
1094 2798 1130 2843 34.
1144 2799 1161 2844 l.

276 2858 329 2915 init,
339 2875 412 2920 quum
424 2861 728 2921 mihiquoqueinitiumre·
769 2863 798 2908 do
815 2863 843 2909 F.
856 2862 888 2908 iii.
901 2863 923 2908 8.
939 2863 986 2920 29..
1002 2863 1030 2909 de
1043 2862 1072 2909 N.
1089 2863 1118 2908 D.
1129 2863 1151 2910 ii.

277 2925 411 2984 quiescendi
429 2935 500 2986 atquc
511 2925 617 2972 animum
628 2927 658 2972 ad
670 2926 729 2972 utri·
771 2926 833 2984 147„
851 2927 884 2973 iii.
900 2929 922 2973 4.
935 2929 971 2981 9.;
989 2929 1040 2974 vide
1055 2927 1121 2973 etiarn
1138 2929 1161 2974 W

276 3004 351 3050 nsque
363 2997 469 3038 nostrum
479 2991 596 3050 praeclara
604 2991 682 3037 studia
692 3005 729 3037 re·
769 2992 831 3038 bem.
839 2991 867 3038 L.
877 2991 903 3037 T.
911 3007 932 3052 p.
941 2993 995 3040 214.
1017 2989 1116 3052 292.Η.]
1127 2991 1160 3054 (¹)

276 3054 369 3101 ferendi
386 3056 438 3102 iore
453 3053 545 3116 justum
566 3063 591 3102 et
607 3070 679 3117 prope
698 3057 727 3102 ab
766 3055 791 3102 ii.
812 3057 849 3103 ll.
863 3055 900 3102 38.
920 3057 957 3103 iir.
991 3055 1012 3119 (³
1036 3057 1160 3119 lnf.passiv

276 3121 386 3166 omnibus
417 3135 552 3167 concessum
578 3120 727 3169 arbitrarer.''
767 3135 821 3168 curn
833 3123 903 3168 verbo
913 3123 967 3170 licet
977 3121 1083 3181 exemplis
1097 3123 1161 3170 instro

278 3180 312 3244 (Β)
324 3185 370 3244 Np.
381 3184 506 3232 coactioni
518 3186 630 3246 opponit;
647 3186 727 3246 itaque
767 3185 853 3246 Wopk.
864 3202 886 3247 p.
895 3186 949 3234 278.
959 3184 1036 3249 [372]
1047 3184 1077 3249 (⁴)
1083 3189 1111 3234 rit
1118 3197 1161 3235 tuv

277 3251 362 3309 pergit,
382 3250 480 3297 “omnis
496 3258 575 3297 sutem
587 3253 722 3313 cogitatio..
767 3251 832 3298 inira
846 3251 883 3298 ll.
895 3252 933 3297 33.
960 3249 993 3314 (⁵)
1007 3253 1023 3299 l.
1033 3267 1052 3300 e.
1063 3263 1140 3299 utnon
1152 3269 1161 3300 s

277 3310 430 3361 versabitur.'’
454 3315 549 3363 Frustra
556 3317 698 3377 ergobamb.
705 3323 729 3365 et
768 3315 921 3377 magisquam
933 3318 1030 3364 oliorum
1043 3318 1145 3365 omniurn.

278 3378 318 3424 alii
326 3381 350 3426 tn
367 3380 451 3426 obediit
462 3381 613 3442 cognitionior
630 3383 728 3442 adquae
770 3383 788 3428 l.
801 3395 821 3428 e.
833 3391 928 3442 atquae
937 3390 992 3428 sunt
1001 3385 1161 3444 eorumqul-;

277 3441 334 3570 ippn1
348 3443 411 3518 inira
426 3445 496 3556 paplp
504 3447 727 3558 bpctrvppitflilipprp.
767 3447 800 3494 sic
818 3461 873 3540 pnox
891 3446 985 3557 irrepunt.
1014 3444 1092 3558 (pipp.
1103 3463 1161 3495 exem

278 3507 303 3622 in
310 3523 481 3635 ipsdcbenrtsdnilu
489 3508 631 3637 ieooitjim
641 3526 728 3623 :pac-w:
767 3521 1161 3637 bbsritmabiididlqddp'dssidebblipili

280 3641 727 3703 tisofficiioprudentioe‚ndreliquorum
768 3641 830 3688 nott.
849 3642 881 3690 iii.
894 3643 916 3689 2.
930 3643 951 3688 8.
978 3592 1011 3705 ὅ)
1021 3643 1052 3690 Sc.
1063 3643 1161 3705 ubivquoq

278 3707 389 3752 virtutum
400 3707 472 3765 officio
479 3707 602 3752 tractando
613 3708 710 3754 accedit.
768 3707 853 3754 Noster
863 3707 943 3754 villam
955 3721 981 3755 ac
992 3709 1084 3755 fundum
1095 3709 1160 3756 habeb

312 3771 367 3818 Vll.
378 3767 412 3834 (¹)
429 3771 493 3818 Nota
504 3771 636 3833 asyndeton
649 3772 673 3818 in
690 3785 726 3818 re·
768 3769 1161 3837 (⁰)Sicsoletpron.puirquogenrinn
