2450 4478
376 389 454 448 LIB.
478 388 517 447 11.
540 387 631 448 CAP.
650 390 699 449 20.
947 395 998 450 101

43 550 176 614 mirum
192 548 279 613 enirn
295 547 384 633 inops
395 547 459 625 ille,
484 547 511 612 si
525 548 627 613 bonus
638 557 687 612 est
698 547 754 625 vir,
780 547 874 612 etiam
900 548 925 613 'si
951 571 999 614 re-

43 639 137 700 ferre
154 635 296 723 gratiam
307 656 368 697 non
381 644 495 720 potest,
511 632 626 698 habere
641 643 724 698 certe
739 646 855 720 potest.
902 636 998 700 Com-

46 722 153 786 mode
168 731 288 793 autem,
301 719 506 804 quicumque²
519 719 611 796 dixit,
622 725 791 802 pecuniam
803 724 859 804 qui
872 721 995 800 babeat,

47 830 120 873 non
136 810 339 879 reddidisse3
354 809 410 889 qui
423 808 607 882 reddiderit,
624 826 686 870 non
701 807 812 870 babere
825 829 837 880 ,·
856 813 997 889 qratiam

49 906 168 958 autem
184 903 226 970 et,
252 895 308 975 qui
321 895 475 969 retulerit,
499 891 612 956 habere
627 900 667 968 et,
691 895 748 975 qui
762 892 886 970 lrabeat,
910 906 997 959 retu-

51 984 147 1044 lisse.
197 981 255 1056 At,
278 977 331 1061 qui
355 999 388 1041 se
410 976 593 1063 locupletes,
610 975 789 1055 honoratos,
808 978 915 1043 beatos
941 1002 1000 1065 pu-

54 1075 142 1142 tant,
167 1064 192 1130 ii
207 1087 248 1128 ne
263 1063 395 1149 obligari
410 1062 537 1148 quidem
560 1061 712 1127 beneficio
726 1063 848 1128 volunt.
896 1065 1000 1139 Quin-

55 1151 160 1216 etiam
184 1148 373 1215 benefieium
396 1170 429 1212 se
452 1147 572 1212 dedisse
596 1148 795 1226 arbitrantur,
819 1172 916 1235 quum
939 1152 999 1239 ipsi

57 1235 211 1322 quamvis
226 1256 376 1321 magnum
392 1233 531 1319 aliquod³
545 1234 741 1319 acceperint:
765 1246 860 1320 atque
875 1237 1001 1302 etiama

60 1345 95 1386 se
111 1333 170 1386 aut
193 1321 346 1407 postulari
361 1332 416 1384 aut
442 1319 616 1406 exspectari
640 1319 758 1405 aliquid
782 1322 998 1409 suspicantur:

61 1407 244 1494 patrocinio
259 1428 333 1470 vero
347 1428 380 1470 se
396 1427 467 1470 usos
482 1416 536 1471 aut
553 1404 682 1470 clientes
702 1406 863 1492 appellari,
887 1409 998 1474 mortis

62 1497 163 1558 instar
178 1503 303 1579 putant.
350 1493 400 1558 70.
427 1493 471 1554 At
485 1513 560 1555 vero
580 1491 632 1555 ille
648 1493 761 1568 tenuis,
783 1515 892 1577 quum,
908 1495 1001 1579 quid-

62 1580 141 1665 quid
155 1581 279 1644 factum
294 1577 344 1655 sit,
369 1599 402 1642 se
417 1587 604 1663 spectatum,
627 1600 690 1641 non
714 1578 872 1642 fortunam
895 1590 998 1665 putat,

65 1689 128 1731 non
142 1664 242 1729 modo
255 1663 313 1740 ilii,
337 1664 392 1748 qui
406 1677 454 1726 est
468 1662 606 1738 meritus,
629 1661 684 1727 sed
698 1663 793 1727 etiam
807 1663 879 1741 illis,
891 1687 915 1728 a
953 1667 1001 1728 ui-

66 1752 125 1816 bus
138 1761 317 1838 exspectat,
344 1755 434 1836 (eget
448 1749 531 1812 enim
546 1747 668 1834 multis)
695 1761 820 1836 gratum
846 1771 880 1813 se
903 1687 1000 1815 videri

67 1837 183 1902 studet.
233 1835 347 1920 Neque
363 1856 436 1898 vero
461 1834 564 1899 verbis
589 1845 684 1920 auget
710 1857 801 1898 suurn
824 1857 949 1913 munus,
975 1838 1002 1901 si

67 1945 130 2008 quo
145 1924 229 1988 forte
244 1921 398 2007 fungitur,
422 1919 585 1985 sedetiam
600 1932 761 1986 extenuat.
809 1921 1001 1986 Videndum·
1108 1983 1110 1988 .

68 2032 127 2094 que
152 2008 235 2073 illud
265 2019 323 2083 est,
348 2006 454 2091 quod,
485 2006 515 2069 si
537 2007 721 2092 opulentum
747 2008 1001 2094 fortunatumque

67 2093 255 2170 defenderis,
279 2093 312 2156 in
328 2114 391 2156 uno
404 2091 471 2168 illo,
495 2102 561 2170 aut,
585 2091 625 2155 si⁵
639 2092 729 2171 forte,
752 2093 785 2157 in
805 2093 911 2158 liberis
932 2097 1001 2181 ejus

67 2179 187 2246 manet⁶
201 2179 323 2266 gratia:
346 2178 395 2242 sin
410 2188 515 2241 autem
529 2178 582 2241 ino
606 2200 665 2254 em,
690 2179 823 2266 probum
847 2192 950 2244 tamen
969 2193 1001 2245 et

68 2267 257 2342 modestum,
276 2286 383 2328 omnes
392 2262 468 2327 non⁷
483 2200 617 2349 improbi
632 2261 765 2328 humiles
780 2267 877 2351 (quae
885 2288 1003 2352 magna

68 2353 99 2416 in
113 2351 236 2441 populo
250 2349 417 2413 multitudo
442 2350 505 2434 est)
521 2348 708 2435 praesidium
723 2349 784 2414 sibi
798 2363 941 2437 paratum
956 2351 1002 2415 vi-

70 2439 153 2503 dent.
204 2436 418 2510 Quamobrem
443 2435 554 2499 melius
574 2435 658 2520 apud
672 2434 783 2515 bonos,
808 2459 904 2522 quam
918 2436 1003 2522 apud

71 2525 258 2598 fortunatos
292 2520 477 2585 beneficium
503 2520 645 2584 collocari
677 2532 764 2607 puto.
810 2523 865 2589 71..
885 2522 1003 2588 Danda

72 2612 199 2674 omnino
215 2629 310 2694 opera
323 2617 381 2683 est,
406 2617 442 2670 ut
458 2606 543 2670 omni
557 2605 666 2692 generi
681 2607 757 2672 satis
781 2608 883 2674 faeere
902 2609 1003 2697 possi-

72 2721 150 2762 mus.
200 2693 275 2770 Sed,
299 2693 326 2756 si
340 2714 389 2756 res
403 2692 436 2756 iu
454 2691 700 2756 contentionem⁸
717 2693 829 2773 veniet,
854 2696 1001 2760 nimirum

76 2779 309 2848 Themistocles
324 2790 372 2843 est
386 2788 494 2842 auctor
509 2776 721 2854 adhibendus3
746 2779 801 2864 qui
816 2803 915 2866 quum
930 2803 1004 2846 con·

74 2871 237 2943 suleretur,
254 2875 359 2928 utrum
369 2863 452 2927 bono
467 2862 534 2927 viro
548 2863 691 2950 pauperi⁹
704 2887 744 2928 an
758 2866 863 2931 minus
874 2868 1006 2954 probato

75 2954 161 3020 diviti
173 2951 270 3016 filiam
283 2950 467 3024 coliocaret3
485 2951 556 3031 Epo
570 2971 654 3026 vero,
671 2948 784 3035 inquit,
797 2955 882 3017 malo
890 2957 1003 3029 virum,

76 3046 129 3126 qui
138 3042 278 3124 pecunia
293 3046 392 3119 epeat,
409 3055 504 3118 quam
513 3039 693 3117 pecuniam,
710 3058 791 3119 quae
806 3038 909 3103 viro¹⁰.
944 3038 1007 3102 Sed

78 3124 211 3212 corrupti
232 3144 334 3185 mores
349 3133 423 3184 sunt
438 3121 661 3206 depravatique
677 3121 879 3187 admiratione
903 3123 1007 3189 diviti·

79 3235 186 3288 arum;
214 3229 348 3294 quarum
372 3205 557 3293 magnitudo
580 3207 655 3292 quid
684 3207 723 3272 ad
751 3230 1008 3296 unumquemque

80 3421 174 3468 cumque
186 3406 205 3452 is
215 3403 267 3450 suit.
285 3400 319 3466 (³)
332 3401 521 3451 Sebenet'rciuur.
563 3402 685 3449 utendae.
705 3403 855 3452 conditional.
866 3421 888 3467 p.
901 3409 939 3454 ts.
973 3405 1008 3470 (⁷)

82 3470 112 3536 (⁴)
124 3475 183 3519 Nota
200 3470 337 3531 particulam
352 3470 473 3531 quodcum
485 3467 522 3514 in·
562 3467 622 3513 Vide
630 3469 659 3514 ad
670 3469 705 3514 14.
713 3471 803 3530 5Lspr.
821 3467 854 3533 (θ)
865 3473 1009 3532 Lecompa·

81 3539 174 3585 ditativo
191 3550 234 3596 pro
246 3535 369 3580 infinitivo.
402 3530 435 3594 (⁵)
448 3533 522 3579 Addi-
562 3532 909 3599 rationem:cs.i.4³.152.spr.
922 3534 1012 3598 (⁹)1.e.

84 3605 116 3649 dit
135 3605 154 3649 ri
172 3616 201 3648 ex
225 3601 294 3646 Bern.
318 3600 340 3645 3.
361 3599 451 3646 Orell.:
477 3598 523 3644 rid.
562 3598 1011 3662 bono-viro,quipaupersit:vidMoser.

86 3664 455 3724 uatrn.auor0.npor.1rs.4.
489 3657 523 3724 (⁶)
563 3662 1012 3724 adomp.t.rs.ar.,nuu-uraucu-

86 3733 134 3780 vid.
145 3734 173 3780 de
190 3732 236 3778 hoe
250 3729 366 3792 praetenti
378 3729 483 3776 Ellendt.
497 3729 526 3774 de
562 3728 670 3794 placidus.
691 3726 737 3792 (¹⁰)
747 3731 783 3778 Cf.
791 3731 940 3782 uludlustint
947 3731 979 3776 111.
988 3730 1018 3776 3..

521 3813 575 3876 x2
