2472 4432
271 395 310 451 66
604 389 661 450 DE
683 389 864 452 OFFICIIS

273 552 325 617 tis.
373 551 495 618 Sordidi
516 551 611 616 etiam
632 549 774 638 putandi,
790 551 846 636 qui
866 563 1049 616 mereantur
1066 575 1089 617 a
1104 571 1182 616 mer

274 638 404 714 toribus,
420 637 504 723 quod
525 637 631 702 statim
653 636 810 701 vendant:
833 636 914 702 nihil
928 638 1015 702 enim
1030 639 1182 725 proficio

276 723 337 787 nisi
360 723 528 788 admodum
553 723 768 787 mentiantur:
791 745 851 787 nee
876 746 950 788 vero
973 737 1023 788 est
1039 724 1182 810 quidqu:

276 808 396 894 turpius
407 807 569 874 vanitate².
605 806 819 894 Opificesque³
830 810 949 873 omnes⁴
959 810 991 873 in
1003 811 1146 874 sordida
1163 834 1182 874 a

276 907 456 958 versantur:
479 917 538 960 neo
551 893 636 959 enim
650 892 821 979 quidquam
834 895 1010 982 ingenuum
1023 895 1156 961 habere
1173 921 1182 982 1

275 991 338 1043 test
353 979 485 1045 officina.
532 979 729 1064 Minimeque
751 993 835 1046 artes
848 1003 904 1045 eae
917 982 1122 1067 probandae,
1144 1005 1182 1067 qr

275 1063 434 1131 ministrae
449 1078 524 1131 sunt
537 1065 746 1152 voluptatum,

454 1214 571 1276 Ueturii,
585 1213 657 1276 lunii,
670 1214 755 1285 coqui,
762 1214 891 1285 fartores,
900 1215 1058 1286 piscatores,

277 1355 312 1408 nt
327 1344 371 1409 ait
387 1345 566 1411 Terentius.
613 1343 703 1408 Adde
719 1344 830 1423 huo,si
845 1345 957 1431 placet,
970 1349 1182 1432 unguentarii

277 1428 451 1510 saltatores,
475 1443 639 1517 totumque
660 1431 769 1494 ludum
792 1431 945 1496 talarium.
994 1437 1069 1497 151.
1092 1434 1182 1508 Quih

277 1529 385 1582 autem
399 1518 517 1584 artibus
539 1529 593 1582 aut
608 1515 773 1602 prudentia
786 1519 885 1616 major
899 1517 981 1581 inest
996 1531 1055 1582 aut
1071 1541 1140 1583 non
1157 1543 1182 1582 n

277 1601 388 1668 diocris
398 1605 516 1668 utilitas
526 1602 697 1689 quaeritur,
711 1614 746 1666 ut
761 1602 924 1679 medicina,
937 1615 972 1666 ut
987 1603 1182 1668 architectur

278 1702 314 1754 ut
335 1691 476 1755 doctrina
497 1712 598 1754 rerum
620 1687 832 1766 honestarum,
849 1687 909 1752 hae
924 1700 998 1752 sunt
1012 1689 1064 1767 iis,
1079 1714 1182 1776 quoru

278 1775 392 1840 ordini⁶
413 1779 614 1850 conveniunt,
639 1773 800 1838 honestae.
847 1773 1029 1838 Mercatura
1049 1792 1174 1853 autem,

279 1863 380 1925 tenuis
396 1871 453 1936 est,
465 1860 589 1924 sordida
603 1859 742 1944 putanda
756 1872 823 1923 est:
845 1859 893 1923 sin
904 1881 1019 1946 magna
1030 1873 1064 1924 et
1073 1863 1182 1948 copios

279 1946 379 2010 multa
394 1945 532 2030 undique
549 1967 589 2030 ap
632 1955 716 2008 rtans
731 1945 900 2030 multisque
916 1945 982 2008 sine
997 1948 1142 2012 vanitate
1157 1950 1182 2011 ir

278 2032 494 2117 pertiens,non
503 2042 578 2095 esta
600 2030 946 2116 modumvituperanda.
972 2033 1080 2116 Atque
1090 2035 1182 2097 etiam

279 2116 316 2193 si,
333 2116 445 2180 satiata
454 2126 588 2201 quaestu
596 2114 647 2179 vel
659 2127 807 2181 contenta
818 2117 932 2202 potius,
945 2127 980 2180 ut
992 2139 1086 2203 saepe
1095 2142 1136 2183 en
1147 2121 1182 2184 ah

279 2202 311 2265 in
327 2213 462 2288 portum,
479 2199 532 2265 ex⁸
546 2201 614 2287 ipso
629 2211 722 2286 portu
736 2202 767 2264 in
783 2225 875 2289 agros
890 2225 922 2266 se
937 2203 1181 2290 possessionesqr

280 2286 423 2364 eontulit,
435 2286 555 2351 videtur
560 2287 632 2372 jure
643 2288 763 2371 optimo
778 2309 869 2373 posse
885 2288 1013 2354 laudari.
1046 2289 1181 2354 Omnino

280 2387 385 2438 autem
407 2395 519 2450 rerum,
538 2396 577 2436 ex
599 2372 713 2457 quibus
735 2373 853 2458 aliquid
873 2374 1052 2457 acquiritur,
1069 2375 1147 2440 nihil
1163 2400 1181 2440 er

279 2460 347 2544 agri
363 2457 484 2523 cultura
505 2459 625 2533 melius,
641 2457 721 2522 nihil
737 2458 872 2536 uberius,
890 2459 967 2522 nihil
982 2459 1114 2539 dulcius,
1132 2461 1181 2526 nih

280 2543 407 2608 homine
433 2544 530 2608 libero
552 2544 697 2630 dignius:
722 2544 760 2608 de
782 2566 844 2629 qua
866 2545 1014 2630 quoniam
1036 2550 1068 2610 in
1086 2549 1180 2612 Cato:

283 2629 408 2716 Majore
430 2630 504 2694 satis
526 2630 627 2694 multa
647 2629 793 2706 diximus,
812 2630 896 2693 illiue
911 2653 1058 2709 assumes,
1075 2654 1180 2718 quaea

281 2715 364 2778 hunc
380 2714 485 2779 locum
501 2715 710 2802 pertinebunt.

327 2801 467 2868 XLIII.
494 2807 564 2866 152.
592 2799 654 2865 Sed
668 2800 707 2864 ab
722 2800 760 2864 iis
775 2801 927 2888 partibus
952 2823 1032 2887 quae
1056 2818 1128 2870 sunt
1148 2806 1180 2869 hc

282 2989 302 3021 e.
314 2974 451 3028 mendari03
469 2982 493 3020 et
507 2974 539 3020 sic
556 2988 609 3020 mox
624 2974 721 3019 iterum:
762 2986 805 3030 pro
816 2972 881 3019 Rosr.
890 2974 941 3018 Am.
952 2974 991 3018 46.
1005 2973 1055 3019 134.
1087 2969 1177 3035 (⁶)Nim

281 3042 309 3086 ct'.
322 3041 393 3087 etiam
409 3041 444 3085 14.
461 3040 499 3084 44.
516 3053 570 3098 spa,
584 3039 616 3084 iii.
635 3039 671 3084 14.
685 3040 723 3084 58.
765 3051 816 3082 rum
825 3039 942 3084 senatorIo
951 3037 1026 3084 ordini
1038 3039 1111 3084 nullus
1122 3055 1179 3100 quaer

280 3105 332 3152 ita:
350 3107 396 3152 vid.
411 3105 494 3151 Marth.
505 3105 534 3150 ad
548 3104 676 3162 Cioder'rt.
685 3103 723 3149 57.
765 3109 802 3148 tus
810 3105 988 3149 honestuserat:
1001 3103 1045 3148 vid.
1053 3103 1179 3151 ilenrichser

282 3171 303 3214 3.
337 3167 415 3232 (³)De
436 3171 518 3230 copule
537 3168 724 3230 queintransi-
765 3168 794 3215 ad
811 3169 839 3214 de
852 3170 891 3214 Or.
909 3168 932 3213 ii.
946 3172 983 3214 55.
996 3169 1047 3214 225.
1078 3166 1110 3230 (⁷)
1125 3171 1179 3216 Inter

281 3235 344 3281 tione
355 3237 408 3282 ride
424 3236 539 3294 Wopkens.
551 3235 580 3280 l..
595 3233 620 3279 Τ.
634 3249 656 3293 p.
672 3234 723 3278 194.
764 3241 869 3294 pretatur
889 3235 965 3294 Atque
981 3235 1048 3279 etiam
1064 3233 1085 3280 h.
1103 3236 1117 3280 1.
1135 3238 1178 3281 imm

283 3297 350 3360 [266.
362 3297 533 3360 H.],eumdem
545 3300 569 3344 in
581 3299 649 3345 Mite.
660 3299 724 3345 Odor.
766 3301 852 3345 Heum.
870 3300 900 3345 nd
920 3313 952 3344 or.
972 3300 997 3344 ia
1016 3299 1062 3344 Cot.
1080 3299 1108 3344 iv.
1125 3301 1178 3346 9.11

281 3365 338 3410 Neo.
358 3373 414 3411 torn.
433 3366 455 3410 ii.
475 3380 498 3425 p.
515 3365 561 3419 tu,
581 3364 677 3423 hupert.
696 3363 726 3408 ad
766 3360 799 3424 (ὃ)
811 3363 903 3410 Omirso
914 3365 1027 3410 :taedam
1038 3364 1178 3411 96116612.

285 3429 357 3476 Tacit.
370 3431 430 3476 Arm.
448 3430 471 3475 ii.
484 3428 522 3476 37.
536 3429 566 3483 1.,
580 3429 680 3488 Madvig.
696 3428 726 3474 sd
765 3431 781 3456 ‘¹
793 3428 824 3476 u:
833 3429 933 3484 initium,
945 3429 998 3474 linis
1009 3430 1063 3475 est'’
1097 3426 1128 3490 (⁹)
1139 3431 1156 3475 1.
1169 3445 1178 3475 o

283 3495 330 3554 Cle.
350 3495 378 3540 de
395 3495 422 3540 F.
440 3510 462 3554 p.
481 3493 535 3541 476.
556 3505 579 3540 et
597 3494 660 3547 628..
683 3507 725 3538 nos
764 3509 793 3540 ex
812 3493 920 3540 omnibus
941 3496 1021 3540 rebus:
1037 3493 1100 3539 6111.
1119 3496 1138 3541 7.
1153 3496 1178 3539 23

281 3560 360 3606 Doctr.
371 3559 475 3619 Gopntor.
487 3559 519 3604 iii.
528 3559 565 3604 22.
594 3555 628 3619 (⁴)
636 3558 723 3604 Victor.
764 3559 816 3612 ita:
834 3559 893 3605 adde
908 3561 929 3604 9.
943 3560 989 3613 34.,
1008 3560 1078 3606 harum
1094 3559 1177 3605 duorum

199 3637 204 3648 ·
283 3626 420 3686 Opificesque
431 3640 511 3678 omnes,
522 3626 610 3684 qui-,-
622 3624 723 3669 frustra:
764 3632 788 3670 et
802 3623 837 3668 14.
852 3625 898 3679 49.,
915 3639 1026 3684 quorum:
1044 3638 1084 3684 spr.
1101 3625 1132 3668 13.
1144 3624 1177 3668 41.

281 3705 302 3736 v.
314 3693 344 3738 ad
355 3691 377 3736 8.
389 3691 426 3736 25.
439 3704 484 3748 rpr.
518 3684 552 3750 (ὅ)
565 3689 584 3734 1.
593 3702 614 3734 e.
626 3688 723 3734 cerario-
764 3691 834 3734 totr'ur
844 3687 988 3750 injustitr'ae:
1005 3689 1177 3736 auderentne

282 3771 334 3802 rum
344 3766 418 3810 artes:
436 3770 457 3802 r.
469 3755 497 3802 ad
510 3754 548 3800 22.
561 3751 599 3802 76.
613 3768 675 3814 spa:
696 3751 723 3800 cl.
765 3755 804 3800 65.

73 4124 582 4406 mn
