2450 4478
233 343 289 402 144
571 335 627 396 DE
647 334 822 396 OFFlCllS

229 500 270 566 ad
283 498 373 586 vulgi
388 496 569 583 opinionem
592 517 674 596 quae
695 496 796 582 major
817 495 950 574 utilitas,
975 517 1085 582 quam
1111 519 1174 596 reg-

230 584 334 662 nandi,
359 605 427 648 esse
441 581 559 668 possit:
582 581 662 645 mhil
687 595 798 647 contra
822 582 966 646 inutilius
992 584 1036 660 ei,
1065 582 1174 667 quiid

228 672 344 756 injuste
369 679 557 733 consecutus
580 667 632 746 sit,
656 666 792 746 invenio,
817 691 915 754 quum
940 669 980 733 ad
1004 669 1176 732 veritatem

229 756 317 843 coepi
342 753 513 819 revocare1⁰
537 753 701 818 rationem.
749 754 887 820 Possunt
912 754 998 818 enim
1020 755 1173 840 cuiquam

228 864 296 906 esse
306 841 399 906 utiles
418 861 562 940 angores,
587 838 823 918 sollicitudines,
847 840 951 933 diuqri
971 851 1004 905 et
1024 838 1175 904 nocturni

227 939 341 1005 metus,
367 924 650 991 vita¹¹msid1arum
664 925 937 1013 periculorumque
955 926 1174 1013 plenissima?

326 1073 410 1126 Multi
422 1072 503 1143 iniqui
514 1079 592 1143 alque
604 1071 720 1142 irfideles
731 1089 819 1143 regno,
837 1075 917 1144 pauci
929 1082 991 1129 sunt
1003 1077 1077 1138 bord,

228 1205 261 1267 in
285 1203 331 1267 uit
349 1202 476 1268 Accius.
523 1203 568 1266 At
589 1203 641 1265 cui
667 1205 793 1289 regno?
815 1203 901 1290 quod
925 1227 944 1270 a
973 1205 1122 1271 Tantalo
1146 1219 1174 1268 et

231 1227 350 1375 Pelope
381 1289 540 1377 proditum
565 1288 637 1374 jure
666 1289 878 1355 obtinebatur.
933 1290 1021 1355 Nam
1052 1305 1174 1379 quanto

227 1376 333 1463 plures
348 1375 377 1440 ei
391 1375 459 1462 regi
475 1386 577 1460 putas,
602 1373 657 1458 qui
672 1377 814 1440 exercitu
828 1376 940 1462 populi
960 1377 1103 1442 Romani
1119 1400 1174 1464 po-

227 1462 338 1548 pulum
366 1462 471 1548 ipsum
502 1461 683 1525 Romanum
702 1461 917 1547 oppressisset,
942 1463 1173 1549 civitatemque

227 1571 289 1612 non
299 1548 395 1612 modo
404 1548 544 1624 liberam,
558 1545 613 1610 sed
625 1545 719 1610 etiam
728 1547 877 1633 gentibus
886 1548 1101 1634 imperantem
1110 1573 1173 1613 ser·
1199 1562 1200 1645 1

227 1637 293 1699 vire
305 1634 366 1699 sibi
380 1633 565 1720 coegisset?
608 1636 661 1695 85.
681 1631 778 1696 Hunc
790 1645 826 1698 tu
840 1655 918 1718 quas
933 1634 1174 1700 conscientiae¹²
1199 1666 1200 1669 ¹

227 1721 314 1786 labes
329 1721 362 1784 in
377 1720 481 1784 animo
497 1740 604 1782 censes
619 1716 792 1783 habuisse?
815 1742 896 1805 quae
910 1719 1071 1786 vulnera?
1106 1723 1172 1786 Cu-

223 1809 277 1893 jus
291 1817 397 1871 autem
413 1805 478 1869 vita
490 1805 551 1890 ipsi
566 1815 670 1890 potest
685 1803 773 1867 utilis
788 1827 865 1882 esse,
883 1828 982 1891 quum
1000 1809 1072 1893 ejus
1088 1807 1172 1871 vitae

227 1916 265 1957 ea
276 1891 413 1957 conditio
425 1891 476 1966 sit,
501 1901 546 1966 ut,
571 1889 625 1975 qui
641 1888 727 1952 illam
741 1891 899 1977 eripuerit,
922 1891 956 1954 in
981 1894 1123 1958 maxima
1142 1905 1172 1956 et
1199 1934 1200 1982 r

227 1979 328 2064 gratia
342 1978 466 2039 futurus
482 1975 522 2038 sit
545 1987 577 2037 et
601 1974 751 2060 gloria¹³?
798 1976 895 2051 Quod
919 1977 946 2040 si
975 1976 1057 2044 haec
1081 1979 1172 2043 utilia
1199 1987 1200 2065 1

226 2085 291 2127 non
305 2071 389 2138 sunt,
414 2081 495 2145 quae
511 2059 646 2124 maxime
662 2060 815 2139 videntur,
833 2062 908 2148 quia
922 2063 1019 2149 plena
1030 2077 1106 2130 sunt
1117 2065 1170 2128 de-

227 2148 346 2213 decoris
361 2169 398 2211 ac
413 2144 638 2231 turpitudinis3
661 2147 737 2211 satis
761 2171 944 2233 persuasum
969 2171 1038 2214 esse
1063 2151 1167 2226 debet,

226 2234 307 2299 nihil
322 2230 492 2307 essentiis,
517 2231 601 2316 quod
614 2254 678 2296 non
693 2231 862 2298 honestum
877 2235 928 2298 sit.

273 2314 401 2385 XXII.
411 2318 464 2381 86.
478 2317 678 2403 Quamquam
691 2319 724 2382 id
732 2319 858 2404 quidem
867 2342 966 2405 quum
975 2343 1071 2408 saepe
1080 2323 1167 2398 aliae,

226 2420 294 2472 tum
312 2403 537 2491 Pyrrhi¹be110
553 2427 572 2468 a
590 2405 628 2470 C.
647 2404 802 2483 Fabricio,
828 2405 956 2470 consule
982 2407 1113 2486 iterum,
1137 2423 1169 2470 et

226 2517 245 2558 a
260 2506 372 2557 senatu
381 2501 488 2553 nostro
499 2490 676 2576 judicatum
690 2501 747 2554 est.
783 2491 892 2566 Quum
912 2492 998 2555 enim
1019 2517 1077 2559 rex
1089 2495 1169 2581 Pyr-

227 2579 303 2642 rhus
319 2576 438 2662 populo
457 2576 601 2640 Romano
617 2576 735 2642 bellum
756 2577 851 2641 ultr0²
866 2578 1036 2657 intulisset,
1056 2603 1168 2666 quum-

227 2687 288 2751 que
303 2663 342 2726 de
356 2662 488 2748 imperio
505 2676 661 2726 certamen
676 2673 758 2726 esset
773 2685 846 2727 curn
861 2686 937 2750 rege
952 2687 1110 2750 generoso
1131 2689 1165 2730 ac

226 2756 356 2839 potente
368 2773 377 2826 ;
400 2750 533 2836 perfuga
548 2750 588 2813 ab
603 2771 640 2812 eo
653 2747 751 2813 venit²
764 2748 798 2812 in
811 2762 913 2814 castra
926 2749 1064 2815 Fabricii
1076 2753 1166 2838 eique

225 2929 256 2974 ad
267 2927 290 2973 11.
303 2927 325 2974 2.
338 2926 360 2974 7.
369 2939 415 2986 spr.
444 2922 488 2985 (¹⁰)
498 2925 558 2971 Vide
568 2923 632 2969 adde
642 2924 675 2969 D.
718 2923 776 2970 Vrot.
788 2938 811 2983 p.
822 2924 877 2970 210.
910 2925 1006 2972 Adrem
1018 2935 1100 2974 autern
1111 2927 1141 2974 cl'.
1151 2928 1165 2972 i.

225 2995 250 3040 ii.
262 2995 300 3039 31.
313 2994 351 3038 66.
387 2988 431 3051 (¹¹)
443 2990 479 3034 Cf.
491 2991 520 3034 de
531 2989 579 3035 vita
590 2989 675 3034 misera
717 2990 752 3034 13.
764 2990 802 3034 40.
815 3003 861 3048 spr.
891 2987 925 3052 (⁹)
939 2991 1008 3037 Ponit
1019 3006 1126 3053 eaquae
1136 2995 1164 3038 ad

225 3069 378 3118 tyrannorum
391 3056 469 3101 Nostr.
485 3055 586 3112 Philipp.
598 3053 622 3098 ii.
634 3054 673 3100 45.
714 3053 813 3100 Fabricii
826 3055 928 3101 rationes
937 3056 1095 3117 pertinebant,
1106 3059 1164 3117 Pyr-

227 3125 280 3170 116.
290 3130 313 3168 et
324 3123 351 3167 de
361 3121 391 3166 A.
405 3122 442 3164 15.
455 3118 502 3175 52,
521 3119 594 3166 Tacit.
611 3119 672 3164 Arm.
713 3119 782 3164 rhum
792 3119 853 3166 ultro
863 3121 950 3165 bellum
957 3121 1074 3179 intulisse,
1083 3125 1112 3169 de
1121 3123 1163 3168 im-

225 3189 254 3235 vi.
268 3189 298 3242 6.,
311 3187 387 3232 Seuer.
409 3185 463 3230 Oed.
477 3185 508 3238 6.,
524 3185 606 3243 Eurip.
624 3185 673 3230 Ion.
712 3184 777 3242 perio
789 3180 831 3246 (ci.
843 3183 859 3230 1.
874 3185 910 3230 12.
920 3188 958 3232 38.
970 3182 1030 3247 spr.)
1047 3196 1162 3234 certamen

226 3253 280 3299 633.
292 3266 342 3310 sqq.
369 3246 411 3310 (¹²)
424 3249 461 3294 Cf.
474 3249 536 3295 deF.
547 3249 563 3294 i.
578 3251 613 3294 16.
627 3249 674 3304 51„
712 3249 791 3304 fuisse,
807 3249 878 3310 idque
889 3264 943 3296 cum
954 3265 1008 3310 rege
1017 3267 1130 3312 generoso
1137 3267 1162 3299 ac

224 3320 252 3366 de
261 3317 318 3375 Καρ.
329 3315 362 3361 111.
372 3317 408 3362 16.
418 3316 464 3370 26,
471 3315 499 3360 do
506 3315 534 3360 L.
546 3314 569 3360 ii.
579 3313 674 3370 17.13.‚.
713 3322 808 3374 potente
821 3330 826 3359 ι
844 3316 923 3374 itaque
936 3328 1058 3375 exspectes
1070 3320 1101 3366 sic
1112 3333 1161 3379 per·

226 3386 254 3432 de
273 3381 378 3439 Horusp.
395 3381 464 3438 Resp.
484 3381 520 3426 18.
538 3381 593 3433 39.;
613 3380 673 3425 adde
713 3389 830 3426 recturum
841 3379 1000 3441 fuisseque»
1016 3381 1160 3446 perfugam

225 3447 329 3496 Juvenal.
341 3446 389 3491 xiii.
401 3445 671 3500 193.,Lu0ret.v.1156.
713 3460 738 3490 eo
756 3447 864 3491 oenbset.
873 3478 893 3501 .‚
907 3447 966 3492 bunc
976 3447 1108 3496 Fabricium
1124 3465 1158 3496 re-

225 3511 270 3574 (rr)
282 3512 320 3558 Cf.
333 3512 355 3556 4.
367 3512 403 3556 19.
415 3524 461 3570 spr.
712 3511 839 3556 ducendum
850 3512 946 3556 curauit.
969 3512 1015 3558 Sed
1023 3515 1158 3574 noluitopi-

258 3578 338 3626 XXll.
350 3571 384 3638 (¹)
396 3575 431 3621 cf.
442 3575 470 3620 de
479 3575 511 3621 N.
526 3576 556 3622 D.
572 3574 628 3621 112.
642 3577 672 3630 6.,
712 3589 762 3630 nor,
775 3575 913 3635 particulam
922 3591 989 3636 quum
1001 3578 1157 3626 inconcinnius

225 3645 309 3691 “bello
326 3643 481 3692 Latinorumr
500 3647 524 3686 et
547 3642 584 3686 66.
610 3641 672 3694 165,
710 3639 1154 3701 iterare:etproczu.5r.140.‚“oui

225 3711 330 3762 Purrii:
342 3707 388 3754 vid.
408 3708 520 3754 Arntzen.
539 3705 569 3750 ad
589 3706 670 3752 Aurel.
711 3720 779 3767 quum
791 3705 817 3750 L.
828 3705 949 3750 Plancium
961 3705 1104 3766 defenderet,
1121 3725 1155 3756 sc·
