2450 4478
233 377 289 438 150
582 371 640 435 DE
663 369 845 436 OFFlClIS

234 537 267 604 in
283 535 379 602 animi
390 534 573 599 excellentis
589 533 809 636 magnitudine
823 542 855 598 et
870 533 1064 618 praestantia
1077 531 1182 599 cerni-

236 635 298 700 tur,
323 621 422 686 altera
436 621 468 684 in
478 621 724 684 conforrnatrone
737 630 770 684 et
784 618 1002 684 moderatione
1017 620 1184 686 eontinen-

237 707 325 774 tiae¹⁰
335 719 368 771 et
382 706 618 792 temperantiae.

284 791 428 857 XXVI.
451 793 504 859 97.
532 792 623 856 Utile
646 790 821 856 videbatur¹
852 791 899 856 Ul
922 791 967 869 xi,
994 803 1031 857 ut
1052 791 1184 877 quidem

240 882 353 966 poetae
368 877 481 965 tragici
490 877 712 965 prodiderunt;
735 899 809 941 nam
823 897 887 964 apu
921 878 1110 954 Homerum,
1125 897 1185 962 op-

240 966 352 1030 timum
375 976 546 1043 auctorem,
570 963 648 1030 talis
665 963 705 1028 de
724 962 835 1049 Ulyxe
856 962 945 1028 nulla
959 964 1096 1052 suspicio
1111 975 1182 1028 est:

240 1050 309 1114 sed²
322 1049 522 1115 insimulant³
536 1071 609 1114 eum
623 1049 805 1199 tmpoediae
826 1048 1028 1115 simulatione
1043 1049 1185 1114 insaniae

241 1136 385 1201 militiam
400 1137 542 1202 subterfu
568 1159 619 1200 ere
632 1153 673 1200 vo
687 1134 781 1199 uisse.
827 1133 904 1199 Non
919 1133 1091 1201 honestum
1105 1157 1184 1200 eon·

240 1222 355 1288 silium.
403 1231 425 1263 “
440 1224 485 1287 At
496 1159 606 1299 utile?
617 1234 654 1286 ut
664 1219 780 1322 aliquis
790 1221 921 1285 fortasse
930 1222 1058 1300 dixerit,
1076 1231 1187 1308 “reg-

240 1329 316 1373 nare
339 1321 371 1373 et
398 1307 527 1373 Ithacae
552 1308 658 1372 vivere
679 1317 780 1371 otrose
802 1327 874 1371 eum
895 1308 1091 1393 parentibus,
1108 1329 1185 1371 cum

241 1417 349 1472 uxore,
367 1415 440 1458 cum
454 1393 530 1458 filio.
579 1392 695 1458 Ullum
716 1403 752 1457 tu
767 1392 862 1458 decus
876 1392 910 1456 in
925 1393 1122 1479 quotidianis
1138 1393 1187 1456 la·

240 1480 370 1545 boribus
391 1493 425 1545 et
445 1479 593 1566 periculis
610 1477 757 1544 cumbae
772 1477 1005 1564 tranquillitate
1021 1481 1187 1544 conferen-

240 1565 317 1630 dum
331 1578 425 1653 putas
435 1567 472 1631 ?''
520 1565 592 1653 Ego
606 1587 681 1629 vero
694 1565 788 1628 istam
803 1565 1067 1630 contemnendam
1080 1577 1113 1630 et
1129 1565 1186 1630 ab·

237 1652 420 1739 jiciendam,
437 1652 597 1738 quoniam,
615 1673 697 1736 qnae
718 1649 852 1716 honesta
866 1671 929 1715 non
944 1651 998 1729 sit,
1015 1675 1058 1717 ne
1072 1651 1186 1717 utilem

242 1739 370 1824 quidem
380 1761 447 1804 esse
458 1738 601 1803 arbitror.
638 1741 691 1805 98.
705 1735 792 1810 Quid
802 1735 886 1801 enim
895 1737 1081 1802 auditurum
1090 1749 1186 1825 putas

241 1825 337 1889 fuisse
357 1824 509 1910 Ulyxem,
527 1824 553 1888 si
567 1823 600 1886 in
614 1823 671 1887 illa
682 1821 880 1887 simulatione
891 1823 1187 1910 perseveravisset?

242 1910 309 1996 qui,
327 1930 425 1995 quum
441 1908 595 1972 maximas
609 1931 659 1973 res
673 1907 806 1997 gesserit
819 1908 853 1972 in
869 1909 965 1989 bello,
981 1923 1092 1977 tamen
1108 1911 1186 1976 haec

242 1995 350 2059 audiat
365 1995 405 2058 ab
424 1995 539 2079 Ajace:

424 2139 505 2211 Clp‘us
516 2139 571 2211 ipse
579 2141 702 2214 princeps
705 2161 778 2215 June
781 2142 893 2214 jurandi
896 2143 966 2214 suit,

424 2211 504 2277 Quod
513 2228 599 2265 omnes
610 2212 700 2275 scitia,
714 2214 784 2268 aolus
795 2213 908 2284 neglexit
911 2215 1007 2297 fidem.

421 2281 531 2334 Furerc⁵
543 2282 715 2336 crusiruulaait⁶
722 2307 732 2345 ,·
751 2302 781 2336 ue
793 2285 892 2346 eoirea,
906 2287 1011 2339 rostitit.

425 2352 505 2418 Quod
515 2351 542 2404 ni
553 2351 706 2407 Palamede
735 2355 855 2425 ereptum
863 2356 1007 2426 prudentia

422 2423 506 2476 Istius
513 2427 658 2494 percepseu
671 2373 828 2478 nmdtmaum
839 2426 987 2490 andedum,

417 2492 495 2547 lid&
506 2493 673 2565 amataejue
679 2502 807 2568 perpetuo
812 2495 954 2566 falleret¹⁰.

245 2649 298 2712 99.
324 2643 377 2708 Illi
399 2667 558 2710 veronen
581 2646 676 2711 modo
697 2669 770 2711 cum
792 2635 948 2729 hostibus,
966 2653 1185 2718 verumetiam

244 2751 316 2796 eum
342 2729 501 2811 fluctibus,
525 2733 558 2798 id
583 2732 669 2819 quod
692 2733 778 2812 fecit,
806 2733 953 2808 dimicare
974 2737 1091 2803 melius
1113 2738 1183 2814 fuit,

243 2837 340 2903 quam
348 2816 489 2883 deserere
501 2819 749 2884 consentientem
756 2819 924 2888 Graeciam
933 2821 973 2887 ed
983 2822 1106 2890 bellum
1118 2826 1187 2891 bar-

245 2981 290 3047 (¹⁰)
303 2985 323 3032 Ι.
335 2987 388 3033 ein
400 3001 428 3034 ea
439 2988 625 3035 conforrnatione
636 2987 697 3034 vitae
737 2985 771 3100 (2
785 2991 837 3038 Hoc
855 2991 889 3038 sie
907 2991 1064 3052 praemissum
1080 2993 1185 3052 intellige

246 3058 316 3111 atque
329 3053 465 3109 officiorum,
477 3067 548 3112 quam
560 3053 630 3099 efficit
641 3066 698 3098 con·
736 3068 751 3100 a
778 3058 880 3118 neglexit
891 3057 973 3118 utique
990 3058 1117 3117 pertinere.
1153 3059 1185 3118 (⁵)

244 3117 344 3164 tinentia
361 3125 386 3164 et
404 3117 564 3177 temperantia.
602 3116 697 3178 Quippe
737 3120 819 3168 Suae.-
836 3137 856 3167 v.
869 3123 931 3168 ad2.
941 3123 964 3168 6.
975 3138 1024 3184 spr.
1035 3119 1070 3184 (⁶)
1081 3125 1153 3172 Bern.
1165 3125 1184 3170 t.

246 3196 300 3241 gen.
315 3191 351 3228 est
365 3183 466 3229 activus:
484 3183 511 3229 ef.
524 3182 556 3228 N.
575 3183 607 3229 D.
625 3183 641 3229 i.
657 3184 696 3230 38.
735 3187 870 3233 assimulare
876 3204 885 3239 ,·
902 3187 996 3234 frustra.
1027 3190 1139 3250 intellige
1147 3205 1185 3252 po·

248 3248 309 3302 105,
320 3244 516 3308 conformationem
526 3247 611 3303 animis
626 3255 696 3309 etpra
737 3247 898 3313 tiusllorepov
908 3249 1039 3316 πρότερον
1051 3269 1101 3302 esse
1114 3264 1140 3302 et
1150 3256 1183 3302 di-

247 3312 319 3358 Arclt.
327 3310 349 3358 7.
361 3315 404 3368 15.,
415 3314 539 3361 doetrinae.
735 3317 836 3362 cendum
847 3317 937 3364 fuisse:
950 3319 986 3365 Ne
996 3323 1077 3376 coiret,
1085 3321 1184 3370 institit:

223 3400 226 3405 ·
280 3374 369 3422 XXVI.
387 3375 419 3439 (¹)
429 3379 501 3429 Quasi
510 3377 588 3424 statim
597 3379 642 3425 hue
653 3380 695 3426 ad·
736 3387 854 3440 postremo
865 3382 946 3430 furere
957 3387 1110 3433 assimulavit.
1153 3379 1184 3448 (⁷)

247 3441 340 3488 diturus
347 3451 409 3489 esset
415 3444 522 3490 militiam
529 3441 695 3506 abreptam.
737 3445 778 3492 Le.
790 3461 820 3493 ne
827 3448 897 3493 simul
908 3448 959 3495 iret.
986 3451 1051 3511 Ergo
1060 3453 1182 3499 notaantl·

250 3503 284 3570 (³)
304 3505 364 3554 Vide
384 3508 413 3553 ad
431 3507 455 3554 ii.
473 3509 511 3555 21.
529 3508 568 3556 73.
579 3523 626 3570 spr.
661 3506 694 3572 (³)
736 3525 809 3570 quum
829 3527 856 3558 ac
876 3513 1005 3574 simplicem
1025 3518 1089 3566 verbi
1108 3531 1183 3564 usum.

248 3573 333 3632 lungit
354 3573 488 3619 insimulant
514 3589 581 3626 eum:
609 3574 695 3621 deinde
736 3573 769 3630 (θ)
784 3576 834 3622 l.e.
850 3580 1006 3638 percepisset:
1024 3597 1045 3628 v.
1062 3583 1093 3629 ad
1111 3581 1183 3630 ΝΛ).

248 3653 317 3700 pron.
331 3641 404 3698 ipsum
416 3646 471 3683 ante
486 3638 629 3684 infinitivum
640 3641 696 3686 sub·
736 3640 769 3686 iii.
788 3640 826 3689 27.
845 3644 883 3688 68.
917 3639 949 3705 (⁹)
971 3645 990 3691 1.
1009 3631 1111 3696 effidei.
1148 3647 1180 3694 cf.

249 3702 450 3763 auditWoplrens.
458 3703 484 3748 in
492 3703 560 3749 Mite.
569 3704 696 3752 Otus-Nou.
737 3705 814 3752 Sanco.
836 3707 919 3768 Agam.
943 3709 981 3757 79.
1008 3713 1073 3772 apud
1101 3713 1180 3766 Heus,

251 3779 310 3816 tom.
328 3785 351 3818 x.
370 3783 394 3830 p.
414 3767 467 3815 12⁵.
487 3768 523 3816 ct
542 3769 580 3815 20.
599 3769 695 3830 iaspr.
736 3771 1052 3836 “conjugiisacratafiderfl
1093 3776 1139 3842 (¹⁰)
1150 3779 1181 3826 De
