2472 4432
241 391 281 446 54
576 382 634 444 DE
657 381 838 446 OFFlCllS

241 543 407 630 prudentia
422 554 480 607 est.
527 544 670 609 Maxime
684 555 790 610 autem
814 543 892 610 haec
921 555 1009 609 aetas
1036 567 1055 609 a
1082 545 1191 612 libidi-

240 629 348 696 nibus⁵
356 628 488 694 arcenda
497 643 544 694 est
554 629 839 716 exercendaque⁶in
849 631 956 695 labore
965 631 1191 731 patientiaque

241 727 273 780 et
288 715 382 780 animi
398 727 431 779 et
445 715 593 800 corporis,
618 730 654 780 ut
668 715 790 780 eorum⁶
804 727 837 780 et
851 718 883 780 in
899 716 1022 781 bellicis
1043 729 1078 782 et
1095 719 1132 782 in
1150 722 1191 783 ci-

241 801 355 865 vilibus
366 799 474 865 officiis
494 800 602 889 vigeat
616 801 779 867 industria.
826 803 934 888 Atque
948 803 1059 881 etiam,
1087 827 1191 889 quum

239 887 379 951 relaxare
393 885 512 951 animos
527 898 560 951 et
575 887 647 952 dare
657 910 690 952 se
700 887 893 988 jucunditati
907 886 1026 965 volent,
1045 903 1191 954 caveant

241 972 525 1058 intemperantiam,
550 972 750 1037 meminerrnt
764 973 991 1039 verecundiae:
1014 974 1109 1060 quod
1130 977 1191 1040 erit

239 1057 373 1136 facilius,
397 1057 423 1122 si
438 1059 471 1122 in
485 1059 641 1145 ejusmodi
689 1059 805 1124 uidem⁷
830 1061 924 1124 rebus
943 1059 1081 1125 ma'ores
1110 1075 1191 1126 natu

239 1142 349 1209 volent
364 1141 526 1209 interesse.
573 1149 644 1209 123.
704 1145 815 1209 enibus
839 1156 945 1210 autem
966 1083 1092 1211 lalrores
1119 1170 1191 1211 cor-

239 1230 324 1315 poris
338 1229 510 1309 minuendi,
527 1230 767 1296 exercitationes
782 1231 878 1294 animi
894 1229 1000 1296 etiam⁸
1014 1234 1191 1319 augendae

239 1315 386 1379 videntur
401 1339 411 1392 ;
443 1315 546 1382 danda
560 1339 668 1381 veroo
692 1339 756 1394 era,
781 1328 816 1380 ut
831 1329 864 1381 et
878 1317 994 1382 amicos
1018 1329 1052 1381 et
1063 1320 1187 1404 juveu-

239 1411 340 1464 tutem
354 1413 386 1465 et
400 1403 537 1468 maxime
551 1426 618 1467 rem
628 1339 787 1489 pullicum
811 1402 941 1467 consilio
957 1415 988 1466 et
1012 1403 1188 1489 prudentia

238 1508 332 1572 quam
348 1488 518 1573 plurimum
527 1488 690 1576 adjuvent.
729 1487 820 1552 Nihil
834 1501 942 1553 autem
951 1489 1053 1575 magis
1066 1513 1185 1554 caven-

237 1571 312 1636 dum
326 1585 375 1638 est
389 1575 553 1654 senectuti,
578 1597 673 1661 quam
688 1597 727 1638 ne
742 1573 887 1661 languori
908 1573 954 1638 se⁹
976 1574 1182 1661 desidiaeque

238 1658 341 1724 dedat.
389 1659 536 1726 Luxuria
559 1683 633 1725 vero
648 1683 745 1747 quum
761 1660 846 1723 omni
863 1658 959 1724 aetati
975 1671 1027 1723 tur
1050 1660 1088 1738 is,
1116 1676 1184 1726 turn

237 1748 394 1812 senectuti
407 1746 585 1811 foedissima
595 1757 661 1810 est:
685 1746 861 1810 sinautem
885 1745 982 1810 etiam
1006 1683 1179 1811 lilidinum

237 1831 479 1918 intemperantia
494 1830 669 1907 accesserit,
694 1830 811 1917 duplex
826 1831 944 1895 malum
962 1842 1020 1908 est,
1046 1833 1135 1918 quod
1150 1847 1182 1898 et

237 1916 313 2001 ipsa.
321 1927 466 1981 senectus
481 1915 614 1980 dedecus
630 1918 768 2002 concipit
791 1929 824 1982 et
842 1917 917 1982 facit
933 1917 1181 1982 adolescentium

237 2000 499 2101 impudentiorem
521 2001 806 2088 intemperantiam.
854 2006 924 2066 124.
957 2004 1006 2066 Ac
1036 2026 1078 2066 ne
1102 2005 1181 2069 illud

236 2086 363 2172 qurdem
377 2085 515 2150 alienum
530 2098 588 2164 est,
605 2086 644 2150 de
653 2087 904 2175 magistratuum,
921 2087 959 2152 de
971 2089 1177 2176 privatorum,

236 2173 275 2235 de
288 2171 415 2250 civium,
433 2171 471 2238 de
485 2172 721 2260 peregrinorum
736 2174 845 2239 officiis
856 2174 968 2243 dicere.
1005 2173 1065 2240 Est
1078 2175 1178 2263 igitur

186 2336 191 2343 Ι
236 2258 397 2345 proprium
425 2280 540 2322 munus
565 2259 767 2346 magistratus
792 2259 979 2347 intelligere,
1011 2283 1044 2324 se
1068 2284 1177 2348 gerere

235 2366 401 2429 personam
418 2342 555 2410 civitatis
570 2344 746 2430 debereque
760 2346 829 2432 ejus
838 2345 1026 2433 dignitatem
1035 2359 1066 2411 et
1082 2347 1176 2412 decus

236 2430 423 2508 sustinere¹⁰,
448 2452 571 2496 servare
594 2431 694 2532 leges,
714 2432 787 2517 jura
809 2431 1018 2508 describere¹¹,
1042 2454 1080 2496 ea
1103 2433 1173 2498 fidei

236 2538 311 2581 suae
326 2515 492 2581 commissa
507 2517 697 2582 meminrsse.
745 2517 910 2581 Privatum
929 2528 1037 2581 autem
1051 2534 1174 2603 oportet

236 2624 337 2686 aequo
352 2609 383 2667 et
398 2602 465 2688 pari
481 2625 552 2668 cum
568 2603 689 2668 civibus
700 2603 772 2688 jure
787 2601 902 2680 vivere,
927 2625 1029 2689 neque
1040 2603 1173 2670 submis-

235 2709 305 2750 sum
320 2700 353 2752 et
367 2688 527 2753 ab'eetum
544 2711 646 2774 neque
658 2711 690 2753 se
703 2687 884 2753 efferentem
896 2713 904 2765 3
928 2701 996 2752 tum
1007 2689 1038 2752 in
1049 2712 1082 2754 re
1093 2691 1170 2775 pub·

234 2771 296 2837 lica
310 2795 347 2838 ea
362 2711 454 2852 velle,
478 2795 560 2859 quae
584 2773 754 2860 tranquilla
777 2787 810 2838 et
824 2772 957 2840 honesta
971 2775 1054 2839 sint:
1078 2777 1171 2840 talem

235 2859 319 2923 enim
348 2859 484 2924 solemus
513 2871 545 2924 et
569 2859 684 2924 sentire
717 2861 833 2924 bonum
862 2861 964 2925 civem
997 2871 1029 2924 et
1057 2860 1167 2926 dicere.

238 2948 308 3009 125.
328 2945 492 3034 Peregrini
506 2956 613 3010 autem
624 2958 719 3032 atque
734 2945 856 3010 incolae
872 2946 1008 3010 officium
1030 2961 1076 3012 est
1094 2947 1169 3012 nihil

233 3044 359 3115 praeter
373 3053 465 3096 suum
476 3030 640 3119 negotium
660 3053 764 3118 agere,
789 3031 869 3096 nihil
892 3031 930 3096 de
956 3031 1041 3096 alio¹²
1062 3035 1168 3118 anqui-

232 3216 279 3262 que
290 3203 379 3250 ratione
391 3203 444 3249 vide
459 3217 501 3249 nos
513 3202 543 3248 ad
558 3202 586 3248 de
606 3202 638 3248 N.
650 3202 690 3264 D.
721 3204 753 3250 D.
765 3204 780 3250 i.
794 3204 832 3251 51.
844 3203 904 3260 117,
917 3204 941 3250 ii.
952 3205 990 3250 34.
1003 3203 1048 3262 72..
1059 3206 1086 3253 de
1096 3206 1165 3253 Μ.

232 3267 247 3311 i.
262 3270 284 3313 5.
300 3270 335 3315 ll.
345 3285 350 3321 ;
367 3269 427 3314 adde
436 3267 474 3314 ilr.
483 3269 521 3313 38.
534 3266 594 3322 137.,
603 3269 618 3291 “
627 3281 682 3325 gra·
723 3271 745 3316 5.
780 3266 813 3331 (⁸)
822 3269 876 3315 Non
886 3270 956 3316 modo
965 3284 1012 3316 non
1021 3271 1161 3318 minuendae:

232 3337 328 3382 vitatem
346 3334 454 3388 retinere,
473 3333 619 3379 iracundiam
633 3334 683 3392 pel·
722 3349 744 3380 v.
762 3335 878 3394 Wopkens.
891 3335 919 3381 L.
931 3335 957 3380 Τ.
969 3350 992 3394 p.
1006 3336 1043 3382 21.
1060 3332 1107 3396 [3⁰.
1119 3335 1161 3397 H.]

233 3399 304 3447 Iere.¹’
337 3394 371 3459 (⁵)
390 3397 426 3444 cf.
445 3399 473 3444 dc
491 3399 516 3454 S.
535 3398 557 3444 9.
577 3398 615 3443 29.
649 3391 682 3460 (ὓ)
724 3395 758 3510 8⁹)
771 3400 806 3446 Cf.
819 3400 914 3448 Sallust.
928 3401 953 3447 G.
966 3402 1013 3457 52..
1025 3403 1040 3426 “
1050 3401 1162 3448 ubisecor-

232 3464 307 3513 Refer
324 3464 354 3510 ed
372 3464 427 3510 laec
452 3469 532 3518 actm
550 3471 632 3522 estque
644 3477 684 3522 sy·
741 3464 777 3512 iae
789 3471 810 3511 te
821 3473 891 3525 atque
902 3466 1008 3524 ignaviae
1028 3465 1162 3513 tradideris.”

232 3530 294 3578 nesis
311 3529 438 3576 facillima:
456 3528 488 3574 ci.
500 3529 528 3575 de
546 3529 586 3574 Or.
606 3527 622 3573 i.
645 3531 683 3576 60.
724 3523 769 3591 (¹⁰)
787 3531 821 3576 Dc
835 3545 856 3576 v.
868 3533 980 3577 sustinere
996 3531 1041 3577 vid.
1057 3532 1115 3577 Cort
1134 3534 1161 3578 ad

232 3599 286 3643 256.
321 3590 355 3657 (⁷)
375 3593 517 3640 Peniculum
534 3594 625 3654 quidem
644 3595 684 3640 alii
725 3595 907 3642 reiterato.
941 3592 985 3657 (¹¹)
999 3597 1017 3642 l.
1029 3611 1049 3642 e.
1059 3610 1159 3656 quorsum

232 3663 320 3717 delent,
329 3658 368 3706 alii
378 3659 402 3704 in
414 3673 499 3721 quoque
508 3666 608 3714 mutent,
620 3658 684 3706 frus·
720 3661 759 3718 jus
768 3661 880 3720 cqjusque
888 3661 1157 3719 pertineat,constituere:

233 3737 283 3782 πτας
295 3724 412 3787 quomodo
421 3726 445 3770 in
455 3724 563 3770 eamdem
574 3737 684 3782 grassari·
724 3723 753 3769 cs.
762 3723 786 3769 ii.
799 3727 821 3770 4.
838 3728 873 3772 15.
883 3725 930 3780 ifr..
948 3726 1026 3786 “J'urie
1041 3741 1107 3786 nequa
1121 3729 1158 3773 de-

233 3800 272 3838 tur
283 3792 354 3840 etism
365 3791 394 3840 de
407 3790 439 3838 N.
455 3790 485 3837 Ι).
497 3789 530 3836 iii.
548 3790 585 3836 10.
598 3787 645 3848 24,
656 3789 684 3836 dc
724 3790 844 3849 rcrr'ptio.”¹
877 3786 922 3850 (¹²)
935 3790 955 3836 l.
965 3792 1022 3839 ade
1033 3790 1157 3852 aliurnego·

882 4119 972 4186 Χ
