2472 4432
411 411 488 472 LlB.
503 410 544 468 11.
567 411 659 472 CAP.
674 416 703 471 2.
988 416 1025 472 7³

51 569 218 636 dandum
248 580 354 656 putet.
398 573 428 636 6.
455 571 551 649 Nam,
575 571 641 636 sive
667 571 838 636 oblectatio
867 571 1027 658 quaeritur

51 658 165 722 animi
185 656 386 743 requiesque
398 680 541 722 curarum
554 681 562 732 3
586 680 667 743 quae
682 656 817 721 conferri
832 680 1026 722 cumeorum

52 743 202 808 studiis⁴
215 754 341 829 potest,
365 743 420 829 qui
445 764 567 828 semper
592 743 711 829 aliquid
733 743 916 828 anquirunt,
941 743 1027 828 quod

54 841 203 914 spectet
222 829 377 893 etvaleat
395 829 434 893 ad
457 829 537 894 bene
561 829 716 915 beateque
741 828 938 893 vivendum?
962 829 1027 894 sive

54 915 148 979 ratio
177 914 388 980 constantiae
413 913 602 1000 virtutisque
628 915 783 991 ducitur⁵3
807 925 861 978 aut
881 915 959 980 haec
978 937 1028 979 ars

54 1013 111 1064 est
145 1011 216 1065 aut
246 1000 337 1064 nulla
361 1001 499 1078 omnino,
532 1023 588 1086 per
616 1023 712 1086 quam
736 1023 789 1065 eas
813 1023 1024 1087 assequamur.

59 1086 217 1151 Nullam
234 1085 338 1149 dicere
352 1090 559 1150 maximarum
584 1109 690 1150 rerum
709 1098 809 1151 artem
824 1109 902 1164 esse,
927 1109 1026 1173 quum

59 1172 290 1235 minimarum
305 1172 374 1234 sine
388 1184 454 1236 arte
477 1172 564 1237 nulla
586 1173 638 1250 sit,
662 1172 824 1236 hominum
850 1184 897 1237 est
918 1193 1028 1259 parum

60 1257 284 1322 considerate
295 1256 489 1342 loquentium
501 1269 595 1343 atque
609 1258 642 1321 in
654 1258 797 1324 maximis
811 1259 906 1322 rebus
922 1281 1027 1323 erran-

61 1343 167 1407 tium.
226 1343 263 1406 Si
278 1354 385 1407 autem
400 1355 448 1407 est
459 1343 567 1428 aliqua
581 1343 659 1408 disci
681 1343 747 1408 lina
761 1343 898 1422 virtutis,
921 1345 976 1409 ubi
991 1367 1028 1408 ea

63 1439 268 1512 quaeretur,
285 1450 385 1512 quum
406 1430 446 1493 ab
465 1428 526 1492 hoc
541 1367 681 1497 discend
694 1452 809 1516 genere
824 1429 1028 1494 discesseris?

69 1513 141 1577 Sed
156 1513 260 1590 haec,
278 1535 378 1598 quum
399 1515 439 1578 ad
459 1513 691 1600 philosophiam
712 1515 920 1592 cohortamur,
937 1538 1029 1579 accu-

69 1601 182 1664 ratius
201 1599 359 1684 disputari
374 1600 497 1664 solent:
521 1599 606 1685 quod
621 1601 682 1665 alio
697 1601 833 1687 quodam
849 1599 942 1665 libro⁰
955 1602 1030 1666 feci-

70 1707 163 1750 mus.
218 1685 293 1748 Hoc
303 1696 409 1749 autem
418 1696 559 1772 tempore
571 1697 695 1750 tantum
706 1687 797 1751 nohis
809 1686 1029 1751 declarandum

70 1772 151 1849 fuit,
185 1793 256 1848 cur,
281 1771 381 1835 orbati
406 1772 619 1857 reipublicae
632 1772 825 1850 muneribuS,
843 1771 881 1835 ad
895 1769 957 1836 hoc
971 1793 1029 1836 nos

72 1857 228 1922 studium
252 1856 450 1942 potissimum
473 1859 725 1923 contulissemus
785 1859 815 1925 7.
843 1856 1029 1922 Occurritur

75 1955 195 2008 autem
210 1943 314 2020 nobiS,
332 1953 364 2006 et
378 1943 504 2028 quidem
516 1945 644 2010 adoctis
660 1955 692 2008 et
706 1943 836 2008 eruditis
851 1944 1029 2029 quaerenti·

75 2028 155 2107 bue,
175 2029 297 2094 satisne
319 2040 499 2093 constanter
522 2031 624 2096 facere
646 2030 815 2108 videamur,
839 2029 905 2115 qui,
931 2051 1029 2115 quum

78 2115 209 2201 percipi
231 2113 312 2177 nihil
333 2136 424 2200 posse
446 2115 595 2194 dicamus,
612 2128 718 2181 tamen
733 2127 764 2180 et
784 2115 866 2180 aliis⁷
881 2115 1029 2180 derebus

78 2199 239 2266 disserere
250 2199 406 2264 soleamus
418 2213 450 2266 et
461 2201 521 2266 hoc
529 2202 598 2288 ipso
608 2213 750 2288 tempore
759 2213 927 2287 praecepta
936 2201 1030 2265 officii

80 2307 326 2372 persequamur.
345 2286 472 2361 Quibus
482 2287 596 2351 vellem
605 2287 681 2352 satis
690 2287 819 2374 cognita
830 2298 912 2350 esset
922 2297 1029 2351 nostra

82 2373 257 2437 sententia.
304 2371 379 2435 Non
395 2373 477 2436 enim
493 2395 600 2437 sumus
615 2373 648 2450 ii,
665 2395 800 2459 quorum
814 2383 949 2460 vagetur
964 2373 1030 2436 ani-

48 2499 52 2506 ·
83 2479 158 2523 mus
169 2481 286 2534 errore,
299 2480 358 2523 nec
369 2456 742 2544 habeat⁸umquam,quid
753 2469 911 2544 sequatur.
938 2457 1029 2532 Quae

80 2545 174 2608 enim
189 2555 273 2608 esset
287 2543 348 2608 ista
362 2566 462 2622 mena,
475 2545 526 2608 vel
540 2566 621 2629 quae
633 2543 712 2608 vita⁹
725 2544 842 2629 potius,
859 2566 922 2607 non
937 2543 1030 2606 modo

85 2628 282 2717 disputandi,
300 2629 354 2692 sed
376 2629 473 2693 etiam
487 2629 613 2694 vivendi
627 2630 748 2693 ratione
763 2629 917 2694 sublata?
960 2628 1031 2694 Nos

85 2729 207 2794 autem,
224 2726 261 2778 ut
276 2714 372 2779 ceteri
386 2714 447 2780 alia
462 2727 557 2793 certa,
571 2715 631 2780 alia
641 2716 760 2779 incerta
768 2737 836 2779 esse
850 2715 971 2792 dicunt,
985 2715 1030 2778 sic

86 2801 129 2866 ab
143 2801 195 2866 his
209 2799 429 2864 dissentientes
451 2801 512 2866 alia
532 2800 719 2887 probabilia,
737 2801 869 2866 contra¹⁰
883 2801 944 2864 aha
955 2800 1031 2864 dici-

88 2910 171 2952 mus.
217 2891 250 2950 8.
269 2885 358 2960 Quid
371 2896 419 2950 est
432 2886 541 2974 igitur,
555 2886 640 2972 quod
653 2910 704 2951 me
717 2887 869 2972 impediat
884 2909 931 2964 ea,
949 2909 1030 2972 quae

110 2972 266 3038 robahilia
279 2970 357 3035 mihi
369 2971 542 3050 videantur,
556 2973 645 3058 sequi
657 2997 666 3049 ;
689 2995 770 3058 quae
783 2984 902 3051 eontra,
913 2973 1031 3059 impro-

88 2995 166 3124 bare
180 3083 189 3135 ;
213 3069 322 3142 atque,
335 3057 508 3122 affirmandi
519 3059 727 3147 arrogantiam
740 3059 904 3137 vitantem,
921 3059 1031 3146 sugere

91 3144 312 3221 temeritatem,
343 3165 424 3228 quae
453 3166 472 3208 a
500 3143 655 3230 sapientia
679 3144 808 3209 dissidet
831 3143 1030 3230 plurimum?

91 3339 107 3385 ἱ.
122 3341 143 3385 l.
157 3339 179 3385 1.
213 3334 248 3399 (⁴)
261 3338 281 3384 I.
293 3352 314 3383 e.
327 3351 380 3383 cum
399 3352 428 3384 ea
441 3338 544 3384 oblecta·
584 3345 672 3392 ratum3
683 3337 736 3384 vide
743 3339 860 3396 Wopkens.
867 3337 896 3384 L.
909 3337 934 3384 Τ.
943 3353 965 3398 p.
978 3337 1030 3393 121,

94 3405 166 3460 tione,
177 3417 238 3464 quae
250 3417 279 3449 ex
291 3416 372 3448 eorum
383 3403 468 3450 studiis
482 3401 544 3449 oria·
584 3411 608 3449 et
621 3403 654 3448 ibi
664 3404 744 3450 Hand.
761 3400 795 3463 [p.
808 3400 931 3464 168.sqq.]
943 3420 948 3448 :
966 3402 994 3448 ci.
1003 3403 1033 3448 dc

95 3477 140 3524 tur,
163 3468 251 3528 qui-z
269 3482 292 3512 v.
310 3467 341 3512 ad
357 3467 374 3515 i.
391 3469 430 3516 22.
447 3466 487 3514 76.
498 3481 544 3526 apr.
587 3469 626 3514 Or.
643 3467 669 3514 ii.
684 3468 720 3513 19.
738 3468 784 3523 79,
794 3482 838 3528 pro
855 3469 919 3514 Rom.
932 3470 983 3514 Am.
995 3469 1032 3512 1⁵.

94 3531 130 3595 (ὅ)
142 3533 180 3580 cf.
190 3548 234 3592 pro
248 3533 314 3579 Rorc.
325 3533 377 3580 Am.
389 3534 428 3578 44.
442 3533 547 3588 128.,ad
586 3533 633 3590 45,
645 3531 686 3578 ubi
693 3532 739 3579 vid.
748 3533 842 3589 Matth„
851 3533 916 3580 aar.
926 3532 959 3578 ix.
969 3534 990 3578 3.
1003 3534 1032 3586 1.,

96 3600 124 3646 F.
143 3599 183 3644 vii.
201 3599 224 3643 ³.
243 3597 274 3654 1.,
293 3594 330 3644 17.
352 3601 374 3644 2.
409 3592 443 3659 (⁶)
456 3597 503 3657 Np.
520 3597 545 3642 in
588 3599 625 3643 1⁰.
640 3599 668 3653 1.‚
680 3599 708 3644 dc
719 3597 751 3644 N.
763 3598 794 3644 D.
806 3597 887 3643 titas.
900 3597 946 3652 64..
958 3596 998 3640 ubi
1010 3609 1032 3640 v.

98 3664 239 3710 Hortensio:
257 3663 288 3708 cf.
300 3663 329 3708 dc
341 3663 372 3710 D.
382 3663 406 3709 ii.
420 3663 444 3709 1.
457 3664 478 3708 1.
512 3657 545 3722 (⁷)
587 3662 718 3720 Heindorf,
729 3663 768 3710 ifr.
779 3663 812 3708 iii.
825 3662 864 3708 21.
876 3661 914 3707 84.
948 3657 982 3721 (⁹)
995 3656 1041 3717 cf..

98 3728 157 3774 Vide
176 3729 258 3775 Doctr.
275 3741 311 3773 nr.
330 3727 436 3788 copulor.
453 3727 478 3772 ii.
491 3727 545 3773 191.
585 3728 608 3774 4.
622 3729 658 3774 15.
666 3728 714 3785 isa,
725 3731 773 3775 nito
781 3727 852 3774 nuuc
878 3721 1034 3787 (¹⁰)siemox·

1 3825 2 3864 3
98 3789 132 3856 (ὓ)
143 3793 204 3842 Puta
214 3801 314 3850 certum,
325 3793 453 3853 cognitum,
464 3791 545 3851 explo-
584 3791 679 3852 iterum,
684 3794 699 3820 “
704 3807 764 3854 quae
771 3788 879 3848 contras·
886 3788 957 3836 etde.
963 3787 987 3834 ii.
994 3787 1033 3835 32.

557 3873 581 3918 Η
