2450 4478
391 429 465 489 ΠΒ.
481 427 541 488 ΙΙΙ.
563 427 654 488 CAP.
675 430 721 486 16.
963 429 1018 484 135

58 585 260 666 dicaretur⁸,
277 587 311 652 id
334 609 372 652 ue
383 587 525 653 venditor
538 585 596 651 ita⁹
610 585 746 664 fecisset,
763 584 854 663 dixit,
871 607 904 650 se
919 584 1017 670 pluris

59 675 265 739 aestimare:
289 609 405 739 addidit
416 685 543 739 centum
551 672 660 736 millia.
700 671 804 736 Nemo
816 683 874 749 est,
888 670 943 756 qui
955 669 1014 734 hoc

61 757 155 824 boni
178 760 240 824 viri
261 760 357 823 fuisse
378 771 492 848 neget3
515 757 675 845 sapientis,
695 769 833 844 negant3
857 770 902 834 ut,
920 756 947 820 si
961 756 1019 818 mi-

61 846 177 923 noris,
195 867 292 932 quam
314 846 477 932 potuisset,
502 843 704 908 vendidisset.
750 843 839 907 Haec
856 843 956 930 igitur
970 855 1019 906 est

61 929 130 995 illa
146 931 316 1018 pernicies,
330 931 415 1016 quod
429 931 507 996 aiios
521 930 631 1006 bonos
648 928 726 993 alios
741 929 897 1015 sapientes
912 927 1020 992 existi-

62 1029 178 1082 mant.
228 1015 281 1080 Ex
296 1039 358 1102 quo
376 1017 519 1081 Ennius:
543 1017 753 1100 nequidquam
767 1037 877 1099 supere
894 1019 1019 1098 supien-

65 1114 153 1182 tem‚
169 1108 228 1188 qui
242 1107 309 1186 ipse
323 1106 384 1166 sibi
400 1105 550 1185 prodesse
565 1122 627 1166 nou
642 1104 757 1183 quiret.
810 1101 890 1165 Vere
903 1100 936 1163 id
951 1100 1020 1186 qui-

66 1187 164 1262 dem,
182 1189 221 1267 si,
236 1188 314 1274 quid
329 1201 411 1252 esset
423 1191 585 1273 prodesse,
602 1185 680 1250 mihi
695 1209 767 1251 cum
785 1186 890 1250 Ennio
905 1209 1020 1250 conve-

68 1274 174 1339 niret.
220 1275 273 1339 63.
294 1273 490 1338 Hecatonem
503 1273 630 1358 quidem
644 1271 816 1349 Rhodium,
830 1272 1020 1358 discipulum

74 1359 242 1438 Panaetii,
261 1359 352 1423 rideo
375 1360 407 1423 in
428 1360 467 1424 iis
487 1359 586 1437 libris,
615 1379 694 1443 quos
716 1357 754 1422 de
769 1359 877 1423 officiis
893 1358 1019 1444 scripsit

75 1446 126 1520 Q.
146 1445 323 1520 Tuberoni,
337 1445 448 1523 dicere,
467 1446 630 1530 Sapientis
644 1467 720 1520 esse,
737 1447 820 1509 uiuit
833 1456 945 1509 contro
956 1466 1021 1508 uro-

73 1554 142 1610 res‚
171 1535 267 1616 leqes,
295 1535 443 1596 instituta
458 1533 645 1614 facientem,
668 1533 781 1595 habere
803 1535 957 1595 rationem
973 1535 1022 1594 ret

63 1619 268 1698 „familiaris
311 1619 422 1704 Neque
433 1622 515 1682 euim
525 1618 626 1682 solum
637 1619 725 1680 uobis
735 1618 848 1680 divites
858 1637 923 1680 esse
934 1618 1022 1680 volu-

74 1704 186 1782 mus¹⁰,
202 1706 391 1780 reddideris,
407 1707 609 1788 propinquis,
626 1705 748 1779 amicis,
765 1705 959 1784 maximeque
973 1706 1022 1763 rei

70 1793 249 1872 publicae.-
271 1792 467 1873 sinquloruru
485 1790 752 1869 euimfocultutes
774 1799 804 1852 et
818 1791 927 1870 copiae
941 1789 1022 1850 diui-

78 1881 148 1941 tiae
171 1886 248 1941 suut
270 1879 421 1941 civitatis.
468 1874 555 1939 Huic
574 1874 744 1939 Scaevolae
758 1873 887 1949 factum,
904 1870 942 1935 de
958 1893 1021 1957 quo

77 1961 178 2047 paulo
193 1972 268 2026 ante
281 1960 358 2039 dixi,
375 1961 497 2047 placere
511 1960 599 2024 nullo
611 1960 704 2024 modo
715 1971 830 2046 potest.
870 1957 1020 2022 Etenim¹¹

77 2047 211 2111 omnino
223 2057 346 2112 tantum
358 2069 392 2111 se
402 2069 442 2110 ne
466 2058 499 2112 at
508 2047 665 2111 facturum
673 2045 849 2132 compendii
857 2045 906 2109 sui
917 2067 1020 2120 causa,

79 2133 169 2218 quod
183 2155 249 2197 non
263 2131 368 2197 liceat.
415 2069 501 2197 Hinc
512 2155 570 2198 nec
580 2133 649 2196 laus
660 2154 776 2219 magna
787 2131 953 2197 tribuenda
964 2153 1022 2194 nec
1092 2181 1094 2186 .

80 2219 188 2305 gratia
202 2229 263 2283 est.
307 2220 360 2283 64.
387 2219 460 2296 Sed,
474 2218 540 2283 sive
551 2229 583 2283 et
597 2218 755 2282 simulatio
770 2228 802 2281 et
817 2216 1022 2281 dissimulatio

81 2305 176 2368 dolus
200 2304 303 2368 malus
328 2315 387 2382 est,
412 2326 586 2390 perpaucae
608 2325 656 2368 res
678 2314 765 2384 sunt,
779 2303 812 2366 in
828 2302 943 2388 quibus
958 2324 1022 2364 non

82 2390 176 2454 dolus
194 2389 256 2454 iste
278 2389 381 2454 malus
400 2401 560 2454 versetur:
584 2389 650 2454 sive
665 2388 713 2452 vir
733 2389 835 2453 bonus
850 2399 897 2452 est
912 2387 950 2464 is,
968 2388 1023 2472 qui

81 2475 223 2626 prodest,
236 2475 351 2561 quibus
383 2486 475 2553 otest,
484 2475 713 2552 nocetnemini‚
722 2485 805 2538 certe
814 2475 911 2546 istum
921 2472 1023 2537 virum

105 2584 205 2626 onum
220 2584 285 2625 non
305 2499 397 2626 facide
418 2561 618 2647 reperiemus.
663 2560 849 2645 Numquam
864 2571 911 2624 est
926 2559 1024 2648 igitur

82 2647 164 2712 utile
179 2669 321 2734 peccare,
338 2647 413 2750 quia
423 2669 547 2733 semper
557 2657 605 2710 est
617 2657 708 2731 turpe
721 2668 730 2709 r
754 2658 796 2723 et,
814 2647 888 2732 quia
902 2666 1024 2731 semper

83 2745 134 2798 est
148 2732 319 2798 honestum
334 2755 436 2798 vuum
450 2733 569 2797 bonum
584 2754 663 2808 esse,
681 2753 803 2879 semper
818 2744 865 2797 est
880 2732 969 2798 utile.

131 2818 236 2884 XVI.
260 2819 313 2884 65.
338 2824 387 2884 Ac
402 2819 518 2905 dejure
527 2817 654 2904 quidem
668 2838 742 2902 prae
766 2817 866 2881 iorum
881 2829 1024 2883 sanctum

84 2905 172 2992 apud
186 2927 245 2970 nos
260 2917 308 2970 est
318 2906 390 2992 jure
404 2904 499 2981 civili,
517 2915 553 2968 ut
567 2904 601 2968 in
614 2903 653 2968 iis
668 2901 838 2967 vendendis
850 2905 927 2969 vitia
941 2903 1024 2968 dice-

83 3003 204 3069 rentur,
221 3013 301 3076 quac
324 3005 400 3055 nota
421 3001 526 3054 essent
545 2988 711 3054 venditori.
756 2987 854 3066 Nam,
871 3011 969 3076 quum
983 3011 1024 3052 ex

86 3075 268 3141 Duodecim
284 3075 430 3141 Tabulis¹
451 3074 527 3140 satis
549 3086 632 3140 esset
651 3098 689 3139 ea
725 3075 863 3152 raestari,
880 3097 961 3160 quae
976 3097 1025 3138 es-

84 3173 155 3227 sent
170 3161 283 3249 lingua
297 3173 489 3247 nuncupata,
500 3161 594 3247 quae²
605 3160 659 3245 qui
668 3097 820 3225 initiatus
831 3172 924 3238 esset,
938 3160 1025 3246 dupli

85 3269 221 3334 poenam
230 3246 370 3323 subiret3
386 3270 406 3311 a
411 3246 643 3332 jurisconsultis
653 3246 747 3310 etiam
756 3247 936 3311 reticentiae
951 3269 1026 3332 poe-

86 3344 185 3400 uuest
196 3332 378 3399 constituta.
405 3331 571 3420 Quidquid
581 3331 665 3395 enim
674 3342 756 3396 esset
764 3331 797 3395 in
807 3333 934 3419 praedio
944 3331 1023 3409 vitii,

87 3531 159 3578 umel
170 3535 195 3576 et
206 3530 334 3576 unoverbo
350 3526 474 3574 diceretur.
502 3521 540 3588 (⁹)
580 3519 626 3585 (¹⁰)
639 3521 702 3569 Nota
720 3523 750 3570 ud
769 3532 857 3571 rectam
873 3532 930 3571 orat
942 3523 1026 3569 transi-

89 3595 152 3642 Notu
167 3597 204 3642 ite
219 3593 356 3640 abundausr
372 3592 420 3638 vid.
433 3592 540 3650 Madvig.
581 3589 684 3636 tionem:
702 3589 957 3647 r.adi.44.158.spr.
981 3583 1026 3647 (¹¹)

87 3660 119 3706 ud
131 3661 160 3708 de
172 3659 203 3706 F.
211 3673 234 3718 p.
244 3659 297 3704 169.
309 3666 333 3704 et
342 3657 414 3710 754.;
430 3658 491 3704 adde
497 3671 541 3719 pro
581 3653 901 3715 eoddeliquotuunrmqut.
910 3653 1027 3707 ,ὠνία-η

87 3725 154 3772 Rure.
166 3724 220 3772 Am.
236 3724 259 3768 9.
273 3724 320 3779 26..
338 3724 363 3768 iu
378 3722 443 3769 Verr.
462 3722 488 3772 ii.
500 3721 539 3770 62.
612 3716 675 3766 XVI.
683 3715 716 3782 (¹)
726 3721 777 3766 Del.
788 3719 881 3766 Tabulis
891 3717 963 3764 Heus.
972 3729 1027 3762 curn

92 3791 151 3848 152,
159 3789 284 3851 proArcIr.
296 3789 318 3834 5.
331 3787 377 3844 11..
389 3801 435 3848 spr.
452 3788 489 3836 12.
501 3787 540 3834 53.
580 3784 666 3833 Nonio.
699 3780 733 3847 (²)
748 3785 768 3832 1.
781 3800 800 3831 c.
813 3785 870 3830 haec
882 3796 935 3828 vero
946 3780 1029 3840 qui-.
