2450 4478
237 353 293 410 106
574 349 630 409 DE
650 347 823 410 OFFICIIS

235 533 329 596 quam
349 509 515 576 Graeciam
530 509 642 574 evertit
651 509 893 597 contagionibus
908 510 1077 586 malorum,
1096 533 1172 596 quae

235 620 254 660 a
270 595 527 660 Lacedaemoniis
542 596 710 681 profectael
722 609 887 660 manarunt
901 595 1008 660 latius.
1057 597 1171 670 Quid?

235 691 358 746 nostros
387 679 561 757 Gracchos,
591 681 644 744 Ti.
675 681 824 760 Gracchi,
850 681 965 745 summi
992 681 1064 760 viri,
1083 683 1172 758 filios,

237 767 378 832 Africani
385 778 524 851 nepotes,
537 789 641 830 nonne
651 768 793 853 agrariae
804 768 1022 832 contentiones
1032 768 1173 852 perdide-

235 854 336 917 runt?
380 858 433 916 81.
458 854 503 915 At
518 874 592 916 vero
609 855 727 916 Aratus
746 853 914 938 Sicyonius
926 855 1000 938 jure
1015 853 1172 929 laudatur,

234 938 300 1024 qui,
317 959 415 1023 quum
430 939 499 1024 ejus
513 938 624 1002 civitas
638 938 869 1025 quinquaginta
883 961 982 1002 annos
997 961 1017 1002 a
1031 940 1174 1024 tyrannis

235 1023 416 1101 teneretur²‚
435 1024 594 1109 profectus
612 1023 721 1110 Argis³
734 1024 903 1110 Sicyonem
918 1024 1124 1089 clandestino
1132 1027 1174 1088 in·
1190 1079 1191 1082 ,

234 1109 333 1173 troitu
349 1110 426 1174 urbe
448 1122 496 1174 est
519 1109 652 1195 potitus.
699 1110 870 1194 Quumque
886 1123 1060 1195 tyrannum
1079 1093 1191 1174 Nico-l

234 1193 315 1260 clem
336 1195 504 1282 improviso
527 1192 741 1280 oppressisset,
766 1208 930 1259 sexcentos
956 1196 1099 1274 exsules,
1126 1197 1174 1281 qui

234 1280 473 1382 locupletissimi
493 1282 616 1344 fuerant
631 1281 698 1380 ejus
713 1281 859 1358 civitatis,
876 1280 1027 1360 restituit,
1045 1305 1173 1368 remque

235 1367 395 1452 publicam
410 1367 547 1432 adventu
562 1388 618 1430 suo
630 1366 785 1430 lrbcravit.
834 1367 895 1430 Sed
910 1389 1012 1452 quum
1027 1390 1173 1454 magnam
1190 1367 1191 1442 l

235 1453 495 1518 animadverteret
515 1452 548 1514 in
570 1451 662 1516 bonis
679 1462 710 1515 et
733 1453 982 1538 possessionibus
1007 1451 1191 1522 difficule-i

236 1549 311 1616 tem,
328 1539 414 1625 quod
428 1551 461 1604 et
473 1560 537 1616 eos,
554 1560 633 1623 quos
650 1537 718 1638 ipse
732 1538 921 1615 restituerat,
937 1559 1079 1623 quorum
1097 1541 1174 1604 bona

235 1624 288 1692 alii
303 1625 512 1711 possederant,
524 1646 617 1710 egere
632 1623 861 1708 inrquissimum
871 1646 937 1688 esse
948 1624 1172 1700 arbitrabatur,

236 1721 269 1775 ct
292 1712 522 1798 quinquaginta
543 1731 696 1774 annorum
719 1709 932 1796 possessiones
962 1710 1088 1774 moveri
1114 1734 1172 1774 101

236 1797 341 1860 nimis⁴
363 1819 400 1860 ae
423 1817 499 1859 uum
523 1795 667 1881 putabat,
691 1807 856 1881 propterea
877 1795 960 1880 quod
985 1806 1054 1859 tam
1077 1796 1172 1883 longo

237 1882 339 1967 spatio
358 1819 459 1945 mdlta
477 1880 714 1958 hereditatibus,
731 1881 831 1945 multa
851 1880 1056 1957 emtionibus,
1074 1883 1174 1945 multa

236 1966 362 2031 dotibus
377 1967 564 2030 tenebantur
578 1966 787 2052 sineinjuria3
807 1965 972 2052 judicavit,
990 1989 1097 2052 neque
1113 1969 1172 2031 illis

236 2051 331 2114 adimi
352 2073 455 2135 neque
480 2051 519 2114 iis
541 2072 604 2114 non
626 2053 701 2115 satis
722 2051 800 2128 fieri,
818 2073 953 2135 quorum
966 2052 1023 2116 illa
1037 2055 1171 2130 fuerant,

236 2147 389 2221 oportere.
432 2139 486 2198 82.
512 2135 621 2209 Quum
642 2135 740 2223 igitur
761 2136 931 2215 statuisset,
952 2159 1034 2223 opus
1053 2160 1121 2202 esse
1136 2139 1172 2202 ad

236 2243 305 2284 eam
314 2243 379 2284 rem
387 2221 639 2285 constituendam
651 2222 795 2306 pecunia,
812 2221 1044 2286 Alexandream
1061 2245 1096 2288 se
1105 2247 1173 2310 pro-

236 2305 333 2370 ficisci
347 2305 427 2369 velle
441 2306 541 2381 dixit3
565 2329 693 2391 remque
706 2307 773 2371 inte
798 2329 862 2371 ram
871 2307 925 2371 ad⁵
935 2307 1076 2372 reditum
1084 2332 1171 2373 suum

232 2392 328 2476 jussit
339 2413 421 2454 esse:
442 2391 544 2476 isque⁶
555 2393 695 2457 celeriter
706 2393 746 2458 ad
790 2393 987 2470 tolemaeum,
1000 2395 1173 2459 suumhos-

237 2477 345 2562 pitem,
374 2479 470 2555 venit,
497 2479 640 2562 quitum
665 2478 818 2566 regnabat
837 2477 916 2542 alter
938 2491 1013 2564 post
1038 2481 1172 2546 Alexan-

236 2562 342 2625 dream
357 2562 525 2627 conditam.
573 2563 636 2629 Cui
654 2585 751 2648 quum
766 2563 971 2650 exposuisset,
989 2567 1125 2650 patriam
1139 2567 1172 2629 li·

237 2646 357 2711 berare⁷
372 2669 406 2712 se
422 2649 512 2728 velle,
526 2671 715 2735 causamque
725 2650 892 2726 docuisset,
904 2671 1006 2736 arege
1023 2653 1172 2738 opulento

269 2867 365 2914 XXIII.
383 2863 417 2930 (¹)
427 2867 505 2914 bamb¹
517 2865 627 2930 prosecta,
643 2883 681 2928 np.
724 2869 761 2914 58.
775 2867 971 2924 234.,Βηι1.48.
985 2868 1049 2922 lta,
1063 2869 1100 2918 79.
1112 2871 1171 2924 246,

238 2934 314 2980 mala:
332 2934 372 2979 sed
392 2934 526 2992 saepissime
543 2935 682 2990 11101001-
720 2948 764 2992 pro
774 2934 839 2980 Rosc.
851 2933 880 2978 A.
893 2933 929 2978 18.
948 2935 994 2989 52..
1009 2935 1114 2995 Philipp.
1126 2935 1170 2979 viii.

238 2998 340 3044 cordiam
352 2998 467 3058 adjectivi,
479 3013 538 3058 quae
549 3013 574 3045 re
586 3013 639 3044 vera
653 2999 682 3044 ad
725 2999 761 3043 10.
774 2999 820 3053 28.,
832 2999 863 3044 ad
878 2999 905 3044 F.
918 2999 933 3043 i.
946 2997 984 3044 22.
1003 3000 1036 3053 4.,
1049 3001 1079 3046 vi.
1091 3003 1113 3046 6.
1126 3001 1169 3054 12,

238 3077 323 3108 nomen
336 3064 430 3124 aliquod
438 3065 553 3110 secundae
562 3063 683 3123 positionis
722 3063 761 3108 vii.
772 3065 807 3108 16.
820 3063 849 3118 1.,
857 3063 888 3109 ix.
899 3064 921 3108 8.
934 3065 962 3117 1.,
973 3063 1038 3110 Tusa.
1049 3080 1069 3110 v.
1080 3066 1117 3112 33.
1125 3066 1170 3118 93,

239 3128 362 3188 pertineat,
383 3128 448 3174 aliud
468 3143 553 3173 nomen
571 3129 595 3174 id
606 3129 682 3190 ipsum
722 3129 785 3174 det.
795 3128 828 3173 iii.
837 3129 858 3173 6.
871 3129 905 3172 14.
942 3124 975 3189 (⁵)
985 3129 1004 3174 1.
1015 3144 1035 3174 e.
1046 3132 1167 3189 usquead:

238 3206 322 3251 regens
332 3193 362 3238 ad
371 3207 396 3239 se
404 3193 481 3254 potius
490 3193 604 3239 attrahat:
624 3208 644 3239 v.
654 3194 683 3239 ad
723 3193 750 3238 cf.
766 3192 834 3238 Brut.
850 3194 885 3238 10.
904 3193 951 3247 39.,
963 3195 1019 3239 “ad
1033 3195 1168 3240 hodiernum

239 3257 443 3319 1311191111.
477 3254 510 3320 (²)
523 3259 581 3304 Vide
592 3258 622 3304 ad
633 3260 648 3306 i.
664 3260 684 3303 1.
723 3258 810 3304 diem.”
839 3253 872 3318 (⁶)
886 3257 1169 3320 Cf.adF.iii.'i.l.apud

242 3323 263 3368 1.
275 3336 329 3381 spa,
341 3337 424 3369 annam
429 3322 480 3384 jam
491 3325 627 3370 audientem.
651 3319 684 3385 (³)
724 3323 804 3377 Orell,
814 3323 828 3347 ‘⁸
838 3323 917 3372 Quum
925 3336 984 3382 puer
993 3331 1048 3369 tuus
1062 3325 1090 3369 ad
1101 3339 1164 3370 me..

239 3387 334 3433 Praeter
342 3389 503 3435 necessitatem
512 3390 543 3436 rei
553 3388 618 3436 addit
626 3391 685 3434 unde
726 3388 827 3434 venisset
834 3390 912 3448 iique.
923 3388 1070 3434 ‚nuntiasset
1077 3388 1099 3433 :”
1111 3390 1168 3434 adde

227 3452 325 3498 luisset
340 3451 383 3497 iste
398 3455 526 3512 proiectus:
546 3469 565 3500 v.
578 3455 608 3500 ad
618 3453 634 3499 i.
647 3455 685 3500 39.
725 3454 753 3499 de
770 3453 802 3498 N.
817 3453 847 3498 D.
860 3451 884 3498 ii.
903 3453 940 3498 39.
961 3455 1013 3500 191.
1049 3453 1085 3498 310
1100 3454 1167 3499 etiem

243 3518 295 3563 138.
307 3531 353 3577 spr.
377 3513 410 3578 (⁴)
422 3518 482 3564 Vide
494 3519 523 3564 ad
536 3519 566 3565 N.
579 3521 608 3566 D.
620 3519 636 3565 i.
646 3518 685 3564 25.
725 3517 1167 3579 1110110011Ρ.111.8.29.,1ν.13.34.,

242 3582 289 3638 70.,
308 3585 323 3610 ‘⁴
334 3581 398 3628 Nihil
415 3582 498 3628 borum
509 3585 575 3629 nimr's
586 3583 685 3629 callide”
724 3584 752 3629 de
770 3582 802 3627 N.
814 3583 844 3628 D.
856 3582 880 3627 ii.
892 3583 931 3626 43.
946 3582 1008 3638 123,
1029 3583 1068 3630 ubi
1084 3584 1167 3628 frustra

242 3647 286 3710 (ita
305 3647 366 3695 enim
385 3661 428 3692 nos
440 3647 470 3693 ibi
482 3644 684 3708 emendavimus):
725 3647 847 3694 Helndorf.
870 3652 946 3706 atque.
984 3642 1018 3708 (⁷)
1043 3648 1098 3693 Puta
1116 3662 1166 3692 aere

241 3715 301 3762 addc
312 3713 340 3764 de
351 3713 390 3760 01.
400 3712 414 3760 1.
425 3712 563 3770 29.133.,11.
573 3715 611 3759 59.
621 3713 684 3770 228..
724 3713 807 3760 altene.
826 3708 860 3774 (Β)
868 3711 1005 3760 0130111101.
1017 3712 1167 3760 1111110111.
