2450 4478
397 357 474 420 LIB.
488 360 542 418 lll.
565 359 658 420 CAP.
672 361 721 420 29.
972 361 1028 420 153

34 541 36 598 ;
77 519 185 584 citur.
234 521 303 581 103.
329 517 460 585 Addunt
474 521 581 596 etiam,
598 518 858 605 quemadmodum
873 538 931 580 nos
946 517 1029 582 dica-

34 619 36 628 ’
76 627 160 669 mus
170 603 270 668 videri
281 605 436 688 quaedam
446 605 546 685 utilia,
559 627 641 690 quae
650 626 713 668 non
727 605 800 682 sint,
813 604 857 668 sic
868 626 902 668 se
913 602 1026 680 dicere,

76 690 191 756 videri
200 689 354 775 quaedam
365 690 506 769 honesta,
521 714 602 778 quae
613 713 677 754 non
692 691 776 754 sint:
801 702 836 754 ut
851 689 911 753 hoc
924 689 1029 775 ipsum

79 775 230 842 videtu?
243 773 422 854 honestum,
440 777 643 844 conservandi
661 777 735 841 ‘uris
741 775 867 863 jurandi
883 797 976 840 causa
990 775 1029 840 ad

78 863 455 941 cruciatumrevertisse3
472 864 526 928 sed
536 863 573 928 fit
584 799 931 948 nonlronestum,quia,
944 861 1030 947 quod

79 971 144 1035 per
159 948 227 1012 vim
241 946 394 1013 hostium⁶
406 961 488 1015 esset
503 961 619 1026 aetum,
633 959 736 1013 ratum
746 971 814 1013 esse
828 971 893 1012 non
907 947 1028 1013 debuit.

84 1033 237 1099 Addunt⁷
252 1035 358 1112 etiam,
372 1034 524 1122 quidquid
538 1035 629 1101 valde
644 1035 721 1099 utile
730 1034 782 1111 sit,
795 1033 827 1098 id
838 1032 904 1098 fieri
916 1032 1030 1099 hones-

80 1133 167 1199 tum,
185 1121 280 1184 etiam
295 1121 322 1184 si
337 1133 431 1186 antea
444 1143 508 1184 non
519 1121 687 1186 videretur.
735 1120 826 1186 Haec
837 1121 902 1185 fere
919 1133 1029 1186 contra

85 1206 140 1270 Re
164 1206 265 1270 ulum.
315 1206 379 1271 Sed
391 1208 492 1293 prima
504 1207 674 1272 videamus·

174 1291 285 1356 XIX.
305 1297 376 1356 104.
401 1301 423 1333 “
436 1291 511 1357 Non
529 1293 590 1358 fuit
603 1294 624 1358 J
628 1292 753 1379 uppiter
766 1290 964 1369 metuendus,
988 1314 1028 1355 ne

84 1377 186 1443 iratus
210 1388 359 1454 noceret3
382 1378 437 1464 qui
457 1400 559 1464 neque
583 1379 675 1443 irasci
697 1378 778 1443 solet
800 1400 858 1441 nec
883 1379 1028 1442 nocere.”

88 1464 180 1528 Haec
195 1463 321 1550 quidem
334 1465 414 1528 ratio
425 1487 488 1528 non
500 1465 601 1553 magis
611 1475 720 1530 contra
735 1463 920 1550 Regulum,
934 1484 1030 1548 quam

88 1561 202 1614 contra
211 1573 304 1615 omne
315 1549 369 1635 jus
375 1550 545 1637 jurandum
554 1551 651 1615 valet.
687 1550 750 1614 Sed
763 1549 796 1612 in
803 1550 876 1650 jure
877 1548 1028 1697 ὲηταιιάο,

85 1657 149 1699 non
158 1635 215 1720 qui
223 1647 339 1712 metus,
347 1633 864 1721 sedquaevis²sit,debetintellrgi.
907 1635 1030 1698 etenim

81 1721 318 1808 jusjurandum
328 1721 493 1787 affirmatio
505 1721 675 1810 religiosa³.
716 1720 813 1795 Quod
828 1730 936 1784 autem
946 1719 1029 1784 affir-

83 1819 183 1885 mate,
194 1807 286 1893 quasi
294 1806 353 1872 deo
365 1818 455 1886 teste,
468 1807 656 1895 promiseris,
669 1807 701 1872 id
712 1805 883 1872 tenendum
892 1815 1029 1954 estepam

84 1893 183 1970 enim,
211 1915 278 1958 non
304 1893 345 1957 ad
369 1893 446 1958 iram
469 1894 609 1973 deorum,
632 1917 714 1982 quae
735 1892 823 1956 nulla
843 1904 901 1970 est,
918 1913 952 1955 se
988 1890 1028 1956 ad

80 1979 241 2080 justitiam
262 1991 298 2044 et
318 1979 358 2044 ad
380 1980 472 2045 fidem
487 1981 635 2068 pertinet.
681 1980 766 2045 Nam
785 1977 943 2065 praeclare
961 1977 1029 2042 En·

84 2087 177 2130 mus:

196 2194 221 2248 0
232 2192 317 2248 Fides
327 2192 406 2255 alma,
420 2193 588 2265 optupinnic,
601 2201 627 2248 et
627 2192 675 2265 jus
678 2193 823 2266 jurandum
834 2193 928 2248 Jooic!

88 2300 157 2375 Qui
167 2301 223 2387 jus
233 2299 335 2386 igitur
339 2299 511 2386 jurandum
527 2302 634 2380 violat,
652 2303 679 2367 is
690 2303 801 2368 Fidem
811 2302 920 2379 violat,
932 2322 1028 2386 quam

84 2387 117 2450 in
143 2385 305 2486 Capitolio
329 2386 464 2451 vicinam
488 2387 591 2452 Jovis⁴
616 2388 741 2475 Optimi
765 2387 912 2464 Maximi,
936 2398 972 2451 ut
995 2387 1028 2450 in

88 2473 223 2537 Catoms
241 2472 382 2536 oratione
405 2485 463 2551 est,
486 2476 621 2560 majores
641 2473 740 2538 nostri
762 2497 830 2539 esse
848 2473 1027 2538 voluerunt.

88 2563 159 2623 105.
185 2559 231 2622 At
246 2557 344 2621 enim⁵
355 2580 394 2622 ne
403 2559 502 2624 iratus
513 2558 641 2645 quidem
652 2560 673 2624 J
675 2560 801 2646 uppiter
812 2560 883 2646 plus
898 2557 1027 2645 Regulo

85 2645 255 2721 nocuisset,
267 2666 362 2728 quam
373 2643 433 2708 sibi
448 2646 556 2710 nocuit
570 2645 638 2731 ipse
656 2644 834 2732 Regulus.”
882 2645 988 2721 Certe,
1002 2645 1029 2709 si

84 2729 166 2794 nihil
181 2729 302 2794 malum
317 2740 410 2809 esset,
427 2732 487 2796 nisi
503 2731 619 2796 dolere.
667 2730 706 2796 ld
721 2741 827 2795 autem
841 2753 907 2795 non
920 2729 1029 2796 m0d0⁶

83 2837 244 2880 summum
259 2815 389 2894 malum,
407 2818 460 2880 sed
475 2841 516 2882 ne
531 2816 648 2881 malum
661 2815 788 2904 quidem
799 2839 877 2894 esse,
889 2817 1029 2882 maxima

85 2901 274 2966 auctoritate
299 2900 480 2988 philosophi
504 2903 670 2968 affirmant.
727 2902 874 2977 Quorum
899 2901 1028 3004 quidem

85 2998 200 3052 testem
216 3009 280 3051 non
295 2986 494 3066 mediocrem,
508 2988 562 3052 sed
570 2987 655 3053 haud
666 2988 732 3054 scio
742 3011 782 3052 an
794 2989 1028 3076 gravissimum,

89 3072 264 3160 Regulum,
289 3072 397 3152 nolite,
425 3095 553 3158 quaeso,
582 3074 770 3161 vituperare.
818 3073 924 3147 Quem
945 3073 1029 3138 enim

85 3157 325 3259 locupletiorem
334 3159 524 3244 quaerimus,
539 3181 635 3244 quam
647 3161 821 3247 principem
835 3159 946 3246 populi
960 3160 1027 3224 Ro-

85 3265 182 3321 mam,
197 3243 252 3329 qui
261 3243 418 3308 retinendi
434 3244 527 3309 officii
539 3266 634 3310 causa
645 3246 817 3311 cruciatum
832 3245 964 3311 subierit
973 3268 1028 3310 vo·

84 3329 284 3394 luntarium?
330 3329 425 3407 Nam,
443 3328 528 3415 quod
550 3330 649 3408 aiunt,
666 3334 798 3396 minimo
813 3334 851 3395 de
873 3335 978 3412 molis,
994 3331 1028 3396 id

84 3427 142 3495 est,
159 3426 197 3479 ut
212 3415 346 3501 turpiter
353 3414 471 3502 potius,
483 3436 579 3501 quam
590 3416 792 3494 calamitose3
815 3440 856 3483 an
867 3430 916 3483 cst
926 3418 1027 3482 ullum

84 3567 183 3629 aliquot,
193 3567 263 3614 male.
298 3564 331 3630 (⁷)
346 3567 411 3614 Note
429 3567 473 3614 hoc
489 3567 533 3614 ite·
572 3582 596 3628 p.
608 3567 662 3613 24³.
695 3562 729 3627 (⁴)
742 3568 779 3615 cf.
797 3569 906 3628 exempla
922 3565 1020 3626 genitivi

85 3642 160 3682 return
173 3633 272 3680 Addunt
281 3635 358 3680 etiam.
573 3633 635 3693 apud
648 3633 777 3693 Wopkens.
789 3633 814 3680 in
825 3633 895 3680 Hice.
913 3631 976 3677 Obrs.
991 3629 1024 3676 N.

116 3698 211 3747 xxlx.
228 3694 263 3757 (¹)
278 3697 315 3744 nl.
326 3697 419 3760 Reguli,
430 3698 533 3744 frustra:
573 3706 631 3745 tom.
648 3712 671 3744 x.
691 3713 714 3759 p.
734 3697 786 3747 177.
804 3713 838 3758 aq.
873 3696 906 3758 (ὅ)
919 3694 979 3740 Vide
995 3695 1026 3741 ud

85 3779 106 3812 v.
117 3765 147 3812 sd
158 3764 174 3810 i.
188 3763 226 3808 22.
239 3761 277 3810 to.
289 3777 335 3822 apr.
369 3757 533 3822 (¹)Ct9.39.
574 3762 723 3824 2⁰.79.spr.
758 3758 791 3824 (⁶)
805 3763 1027 3808 Adrumeticum

83 3845 128 3892 apr.
161 3826 264 3892 (³)v1de
277 3828 354 3875 Crasti
364 3827 465 3876 Probub.
476 3827 534 3876 On't.
574 3844 604 3877 ex
614 3829 689 3876 altero
707 3831 813 3876 membro
830 3823 977 3885 negationis3
994 3825 1025 3875 cl.
