2472 4432
286 439 325 496 44
627 434 682 494 DE
704 433 877 493 OFFICIIS
1169 368 1170 452 l

284 595 369 682 quod
383 605 511 658 acutum
526 605 558 659 et
573 592 737 680 perspicax
758 604 869 658 natura
883 603 941 670 est,
965 605 997 656 et
1011 591 1056 670 id,
1082 589 1171 742 quiq

283 681 446 746 hominum
461 680 724 744 consociationem
734 679 1011 755 accommodatum,
1025 690 1059 743 et
1074 679 1122 754 id,
1143 701 1167 766 q

282 767 451 831 vehemens
461 776 494 829 at
517 787 556 829 ue
567 765 657 829 forte.
706 765 769 829 Sed
783 765 919 830 maxima
933 766 979 828 vis
994 765 1104 828 decori
1120 763 1171 828 in'

281 853 363 917 inest
379 862 476 936 parte,
495 789 539 915 de
554 873 617 937 qua
630 850 836 935 disputamus
883 850 997 935 Neque
1013 852 1100 914 enim
1119 821 1172 1026 so}

282 937 429 1039 corporis,
444 937 510 1039 'qui
524 937 563 1001 ad
579 949 721 1000 naturam
744 937 811 1022 apti
826 948 909 1013 sunt,
934 935 987 1000 sed
1002 937 1109 1000 multo
1127 961 1147 1000 e

281 1045 382 1109 magis
403 1045 498 1087 ammi
523 1033 627 1086 motus
652 1022 816 1107 probandi,
841 1023 895 1108 qui
920 1021 995 1085 item
1016 1023 1056 1086 ad
1072 1027 1173 1112 natuq

281 1109 506 1174 accommodati
521 1122 605 1172 sunt.
653 1113 724 1172 101.
749 1107 880 1194 Duplex
900 1119 947 1172 est
969 1108 1054 1192 enim
1080 1109 1134 1172 vis
1158 1121 1173 1176 a

281 1216 402 1258 morum
417 1206 511 1280 atque
527 1207 657 1259 natura:
675 1216 737 1257 una
752 1215 823 1279 pars
832 1195 867 1257 in
882 1194 1026 1280 appetitu
1037 1195 1148 1280 posita
1164 1215 1173 1258 r

280 1302 361 1365 quae
377 1291 424 1344 est
440 1286 521 1366 ὁρμὴ
546 1281 679 1356 Graece,
704 1301 785 1364 quae
811 1279 970 1343 hominem
994 1278 1058 1344 huc
1082 1292 1117 1344 et
1145 1281 1174 1350 ill

279 1366 379 1452 rapit3
403 1366 501 1431 altera
515 1368 548 1431 in
563 1367 693 1442 ratione,
718 1387 798 1450 quae
813 1365 903 1430 docet
913 1376 946 1428 et
960 1366 1125 1450 explanat,
1145 1381 1174 1454 qt

276 1451 451 1517 faciendum
466 1452 712 1540 fugiendumque
727 1451 779 1515 sit.
826 1450 877 1515 Ita
892 1451 938 1528 fit,
962 1463 999 1515 ut
1022 1451 1102 1516 ratio
1129 1475 1175 1538 pn

278 1538 329 1615 sit,
354 1539 513 1625 appetitus
529 1540 733 1624 obtemperet.

324 1625 468 1693 XXIX.
497 1624 611 1691 Omnis
626 1634 731 1688 autem
746 1622 838 1687 aetio¹
853 1645 964 1687 vacare
979 1623 1074 1688 debet
1088 1635 1175 1690 teme

276 1721 342 1777 tate
364 1724 396 1776 et
417 1711 622 1800 negligentia,
640 1732 698 1774 nec
719 1730 793 1772 vero
813 1731 907 1796 agere
922 1709 1106 1796 quidquam,
1125 1711 1176 1798 cuj

277 1820 340 1862 non
365 1797 466 1883 possit
491 1819 617 1860 eausam
641 1795 834 1880 probabilem
860 1793 996 1859 reddere.
1045 1795 1138 1860 Haec
1169 1821 1176 1860 r

276 1884 360 1946 enim
372 1884 435 1946 fere
451 1881 618 1966 descriptio
634 1880 737 1944 officii.
786 1885 856 1945 102.
883 1879 1093 1945 Efficiendum
1106 1893 1176 1946 aute

277 1980 335 2046 est,
353 1978 388 2030 ut
403 1967 562 2053 appetitus
578 1966 691 2030 rationi
702 1966 849 2030 obediant
860 1989 991 2051 eamque
1004 1989 1107 2052 neque
1123 1991 1177 2054 pra

275 2054 415 2117 currant²
429 2075 487 2116 nee
501 2063 630 2139 propter
644 2051 804 2138 pigritiam
816 2063 870 2116 aut
883 2052 1042 2138 ignaviam
1051 2053 1177 2119 deserar

275 2139 401 2223 sintque
417 2138 577 2222 tranquilli
589 2149 684 2222 atque
699 2137 784 2201 omni
799 2138 895 2202 animi
909 2139 1146 2224 perturbatione
1162 2164 1177 2204 e

274 2236 363 2289 reant
376 2248 384 2288 z
400 2247 440 2288 ex
474 2245 515 2286 uo
527 2223 664 2288 elucebit
674 2224 774 2288 omnis
787 2225 961 2288 constantia
972 2225 1136 2310 omnisque
1146 2250 1178 2290 m

275 2310 401 2375 deratio.
482 2331 543 2386 am,
567 2309 622 2395 qui
648 2308 805 2395 appetitus
830 2309 955 2396 longius
978 2323 1154 2398 evagantur

273 2406 434 2483 tamquam
449 2396 642 2460 exsultantes
658 2396 723 2460 sive
734 2395 885 2480 cupiendo
900 2396 966 2460 sive
980 2397 1132 2482 fugiendo
1147 2422 1178 2462 n(

274 2482 350 2546 satis
364 2505 383 2546 a
397 2483 517 2546 ratione
525 2481 708 2559 retinentur,
720 2482 741 2545 ii
751 2481 817 2544 sine
829 2481 924 2546 dubio
935 2480 1030 2544 finem
1039 2493 1071 2546 et
1081 2485 1178 2548 modu

272 2580 456 2633 transeunt:
479 2569 662 2653 relinquunt
676 2568 759 2631 enim
774 2578 807 2631 et
821 2567 974 2652 abjiciunt
985 2568 1178 2635 obedientian

273 2676 331 2718 neo
346 2654 459 2719 rationi
481 2667 602 2740 parent,
621 2654 671 2718 cui
693 2664 766 2717 sunt
781 2653 915 2737 subjecti
930 2653 1000 2739 lege
1016 2665 1165 2721 naturae:

274 2739 388 2824 quibus
402 2763 465 2804 non
480 2740 573 2804 modo
595 2740 691 2804 animi
711 2739 943 2824 perturbantur,
961 2739 1015 2803 sed
1030 2739 1127 2805 etiam
1141 2766 1177 2808 co

273 2846 359 2911 pora.
406 2826 511 2890 Lieet³
537 2848 591 2890 ora
615 2826 685 2910 ipsa
707 2847 831 2888 eernere
854 2825 1002 2888 iratorum
1018 2838 1073 2890 aut
1087 2850 1178 2892 eorun

273 2911 328 2997 qui
343 2924 397 2977 aut
412 2912 541 2977 libidine
556 2911 662 2995 aliqua
671 2922 726 2975 aut
737 2921 824 2973 metu
833 2911 980 2974 commoti
993 2922 1066 2974 sunt
1080 2927 1135 2980 aut
1150 2938 1178 2978 vr

272 2997 395 3083 luptate
405 2998 501 3062 nimia
511 2997 668 3084 gestiunt3
684 3017 815 3081 quorum
826 2997 965 3059 omnium
977 2996 1178 3075 vultus,voee=

273 3094 387 3161 motus,
409 3095 572 3168 statusque
598 3093 771 3145 mutantur.
823 3086 894 3145 103.
921 3082 972 3145 Ex
992 3083 1105 3166 quibus
1124 3087 1178 3150 illu

272 3168 470 3256 intelligitur,
486 3169 537 3256 (ut
552 3169 591 3232 ad
606 3168 698 3231 officii
714 3169 843 3231 formam
858 3169 1065 3269 revertamur)
1081 3175 1178 3257 appeti

272 3266 324 3318 tus
334 3277 441 3320 ornnes
453 3253 679 3320 contrahendos
690 3253 904 3338 sedandosque
913 3276 981 3317 esse
992 3257 1178 3322 exertandam

272 3362 334 3425 que
355 3340 654 3405 animadversionem
676 3351 708 3404 et
730 3339 935 3427 diligentiam,
952 3340 1001 3404 ut⁴
1016 3343 1138 3427 nequid
1151 3355 1178 3408 te

274 3555 372 3605 Farciol.
384 3567 413 3600 ex
421 3567 467 3599 uno
479 3567 567 3612 asseq.,·
579 3551 678 3598 frustra:
690 3552 719 3598 ct.
759 3551 795 3598 isr.
803 3568 809 3606 ς
818 3552 878 3598 adde
889 3553 917 3598 de
931 3551 970 3597 Or.
983 3551 1006 3597 ii.
1016 3553 1052 3597 15.
1061 3551 1097 3597 62.
1104 3554 1178 3600 audeat

274 3623 312 3670 31.
326 3621 379 3667 114.
391 3628 449 3665 extr.
468 3618 517 3672 ifr.,
534 3618 573 3663 ubi
591 3619 673 3663 eadem
684 3625 720 3663 est
759 3618 817 3663 etde
826 3618 852 3662 F.
862 3631 882 3662 v.
893 3617 976 3662 3158.
985 3619 1075 3676 posent.
1084 3613 1116 3677 (¹)
1127 3619 1178 3664 Frui

271 3689 371 3735 varietas
381 3682 493 3732 lectionis·
759 3689 795 3727 tra
814 3682 892 3727 adsuit
903 3681 1018 3727 Victorius
1028 3687 1115 3742 propter
1126 3689 1177 3730 teate

307 3751 397 3800 XXIX.
406 3746 439 3811 (¹)
447 3749 466 3796 1.
479 3762 499 3794 e.
518 3746 658 3807 quicumque
676 3746 720 3792 ali·
757 3748 866 3792 ritatem.-
883 3761 904 3791 v.
913 3746 943 3791 ad
954 3746 990 3792 lo.
999 3746 1036 3791 33.
1046 3761 1088 3806 spr.
1105 3743 1136 3809 (³)
1144 3748 1178 3794 1.ε

272 3819 331 3878 quid
338 3817 399 3878 agit:
409 3816 440 3863 cf.
447 3814 470 3862 ii.
483 3813 517 3860 11.
526 3813 572 3870 ³9,
579 3811 611 3858 iii.
619 3813 657 3858 29.
667 3811 719 3860 137.
761 3810 825 3859 Licet
830 3811 892 3858 enim
902 3811 1106 3872 rv.ud19.62.spr.
1123 3809 1178 3874 (⁴)V
