2472 4432
253 337 273 392 4
588 327 648 394 DE
677 333 860 395 OFFICIIS

254 504 318 572 tur,
341 516 444 580 neque
458 494 628 561 amicitiam
644 495 746 559 colere
760 495 860 582 possit
883 517 942 560 nec
961 494 1134 582 justitiam
1154 519 1163 559 ι

255 579 485 645 liberalitatem.
533 581 638 646 Fortis
654 604 727 645 vero
742 581 883 646 dolorem
903 603 1070 646 summum
1086 581 1163 646 mal

251 665 409 752 judicans,
426 678 482 731 aut
496 677 675 754 temperans
690 666 886 753 voluptatem
902 689 1067 732 summum
1084 667 1163 732 born

255 750 410 816 statuens⁹
439 773 507 816 esse
536 764 620 818 certe
650 753 738 818 nullo
767 753 861 818 modo
886 764 1003 839 potest.
1050 755 1086 818 6.
1116 754 1163 828 Qr

255 858 447 922 quamquam
467 838 514 904 ita
534 850 609 904 sunt
629 838 664 902 in
685 849 823 926 promtu,
839 850 876 904 ut
890 839 965 904 res¹⁰
984 838 1034 904 dis
1060 841 1163 904 utatis

255 945 319 986 non
341 934 444 1023 egeat,
469 936 573 989 tamen
589 935 663 990 sunt
685 948 708 996 a,
725 924 816 990 nobis
830 924 894 990 alio
907 924 1001 990 loco¹¹
1049 925 1164 1011 'sputa

258 1007 330 1072 Hae
345 1008 528 1096 drsciplinae
541 1010 643 1098 igitur
653 1011 679 1075 si
690 1010 751 1076 sibi
765 1022 993 1076 consentaneae
1005 1011 1112 1076 velint
1124 1034 1161 1076 es

255 1094 294 1158 de
310 1093 412 1159 officio
427 1095 508 1160 nihil
522 1107 639 1183 queant
654 1096 776 1161 dicere:
799 1118 903 1183 neque
917 1096 984 1161 ulla
998 1097 1097 1161 officii
1114 1120 1163 1183 prr

256 1191 348 1267 cepta
357 1180 457 1259 firma,
474 1182 609 1261 stabilia,
623 1183 793 1269 conjuncta
807 1193 936 1247 naturae
952 1183 1036 1247 tradi
1052 1205 1163 1270 possm

256 1266 316 1331 nisi
338 1277 394 1332 aut
415 1268 456 1333 ab
477 1268 526 1347 iis,
551 1268 606 1355 qui
628 1268 738 1347 solam,
762 1279 818 1333 aut
839 1267 879 1332 ab
907 1267 957 1346 iis,
981 1269 1040 1354 qui
1062 1269 1163 1334 maxi]

254 1351 454 1418 honestatem
468 1367 597 1442 propter
618 1377 652 1420 se
669 1353 776 1419 dicant
790 1354 1009 1440 expetendam.
1059 1355 1114 1418 Ita
1129 1378 1163 1441 pr

278 1437 324 1503 ria
348 1449 396 1504 est
427 1463 464 1505 ea
492 1441 671 1529 praeceptio
704 1439 894 1518 Stoicorum,
923 1439 1163 1504 Academicorur

255 1461 563 1612 Peripateticorum:
579 1526 728 1613 quoniam
743 1525 914 1604 Aristonis,
927 1525 1118 1613 Pyrrhonis,
1135 1527 1163 1590 H

256 1610 319 1674 rilli
346 1613 534 1698 jampridem
562 1613 694 1700 explosa
721 1611 878 1677 sententia
906 1621 973 1688 est3
1004 1612 1061 1698 qui
1090 1623 1163 1676 tam

255 1695 407 1762 haberent
429 1700 597 1785 jussuum
622 1698 804 1785 disputandi
832 1697 871 1761 de
899 1696 1011 1775 officio,
1036 1697 1065 1762 si
1094 1721 1163 1762 reru

255 1782 395 1870 aliquem
409 1783 566 1848 delectum
580 1784 792 1871 reliquissent,
814 1794 850 1848 ut
871 1783 911 1848 ad
932 1782 1025 1848 officii
1039 1782 1164 1848 inventi

256 1891 329 1934 nem
344 1869 447 1933 aditus
462 1881 556 1934 esset.
604 1870 773 1954 Sequimur
786 1869 887 1972 igitur
900 1868 961 1933 hoc
976 1868 1105 1970 quidem
1118 1881 1163 1934 ter

255 1975 331 2055 pore
343 1965 375 2018 et
386 1953 445 2019 hac
459 1953 492 2018 in
530 1955 692 2020 uaestione
705 1955 905 2042 potissrmum
924 1955 1058 2036 Stoicos,
1083 1978 1148 2020 non
1160 1977 1163 2010 r

255 2050 461 2126 rnterpretes3
484 1977 549 2118 sel,
566 2051 603 2104 ut
617 2040 764 2118 solemus,
774 2064 791 2105 e
802 2041 943 2106 sontibus
955 2062 1063 2105 eorum
1074 2042 1163 2127 judic

256 2124 448 2212 arbitrioque
462 2137 580 2204 nostro,
604 2138 760 2212 quantum
774 2149 904 2228 qnoque
917 2128 1011 2192 modo
1025 2127 1162 2196 videbitu

255 2210 471 2276 hauriemus¹².
516 2212 547 2282 7·
566 2211 675 2281 Placet
686 2213 795 2301 igitur,
809 2235 958 2362 quomam
973 2214 1074 2279 omnis
1088 2213 1162 2302 dispr

256 2297 335 2362 tatio
346 2297 385 2362 de
394 2297 609 2364 officiofutura
619 2311 678 2377 est,
686 2311 759 2364 ante
770 2298 808 2362 de
831 2297 898 2363 nire
907 2297 983 2385 quid
992 2299 1033 2364 sit
1041 2300 1162 2364 officiun

256 2382 341 2484 quod
361 2406 381 2448 a
400 2383 554 2449 Panaetio
581 2384 835 2472 praetermissum
859 2406 927 2448 esse
950 2385 1062 2450 miror:
1091 2404 1161 2450 omn

255 2491 351 2547 enrm,
395 2492 454 2539 uae
467 2492 487 2535 a
500 2469 646 2536 ratione¹³
660 2471 829 2558 suscipitur
853 2468 892 2534 de
915 2469 1021 2556 aliqua
1048 2493 1080 2535 re
1102 2471 1162 2536 inst

254 2554 348 2633 tutio,
368 2492 462 2621 debet
481 2577 500 2621 a
518 2556 699 2622 definitione
721 2555 897 2644 proficisci;
927 2566 963 2621 ut
985 2556 1162 2646 intelligatu

255 2641 331 2727 quid
346 2641 388 2706 sit
400 2641 445 2721 id,
462 2642 501 2706 de
538 2665 579 2707 uo
593 2643 781 2746 disputetur.

301 2726 371 2792 111.
391 2727 506 2794 Omnis
515 2664 558 2793 de
572 2729 675 2795 officio
686 2727 804 2816 duplex
818 2737 866 2794 est
880 2729 1032 2814 quaestio·
1078 2729 1161 2794 Unur

255 2833 357 2900 genus
366 2825 425 2891 est,
442 2814 527 2900 quod
541 2815 678 2900 pertinet
691 2815 732 2880 ad
746 2815 842 2879 finem
856 2814 1030 2892 bonorum;
1044 2813 1161 2880 alterun

255 2898 342 2984 quod
352 2901 492 2988 positum
503 2911 551 2968 est
565 2899 794 2992 inpraeceptis,
804 2900 919 2987 quibus
944 2901 977 2966 in
996 2923 1098 2967 omnes
1116 2925 1161 2990 pa]

238 2995 304 3052 tes
317 3007 392 3055 usus
403 2987 487 3054 vitae
511 2987 708 3056 conformari¹
722 2986 833 3074 possit.
879 2986 1052 3075 Superioris
1065 2989 1161 3076 generi

255 3156 355 3204 inultm
369 3157 493 3204 naturae.”
526 3154 558 3220 (⁹)
581 3157 643 3204 Nota
664 3169 707 3202 ra-
746 3157 809 3211 141„
824 3155 888 3205 “ille
902 3158 1025 3205 draconem
1035 3156 1159 3220 loquentem.

254 3220 342 3267 rictum
372 3223 540 3283 participium:
569 3237 590 3268 r.
613 3222 644 3268 ad
666 3223 705 3268 38.
744 3231 781 3268 est
802 3221 865 3268 risus
886 3223 987 3277 audire;
1013 3230 1036 3268 et
1059 3224 1158 3281 quidem.

257 3283 310 3331 1³6.
337 3285 375 3332 ilr.
415 3285 460 3347 (¹⁰)
490 3288 553 3334 Nota
581 3288 705 3345 enallagen
744 3301 818 3348 quum
840 3289 943 3336 radicem
964 3303 1005 3335 ore
1032 3293 1119 3346 teneret,
1146 3290 1160 3336 l

254 3351 361 3397 numeri:
379 3367 400 3396 r.
423 3353 539 3412 Wopkens.
560 3353 626 3399 Leet.
646 3352 706 3398 Tou.
744 3357 810 3399 cutus
823 3353 892 3404 est,·”
913 3353 950 3400 il'r.
978 3354 1003 3400 ii.
1031 3354 1051 3398 6.
1071 3353 1114 3409 21,
1141 3355 1160 3400 11

253 3428 277 3476 p.
295 3413 485 3480 9³.[129.11.]‚
506 3418 569 3464 idem
588 3417 614 3464 in
636 3417 705 3464 Miro.
745 3417 784 3464 68.
829 3417 871 3476 (¹³)
894 3419 932 3466 Ad
952 3433 1004 3464 rem
1018 3415 1043 3464 cl.
1064 3418 1089 3464 dr
1107 3419 1160 3466 Oai

257 3480 322 3528 Obrr.
334 3481 519 3543 Noo.tom.r.p.
531 3483 584 3528 161.
606 3479 649 3541 (¹¹)
658 3482 704 3542 Np.
746 3483 784 3529 ts.
797 3482 861 3538 2⁰9,
881 3484 946 3530 Orat.
970 3483 1008 3529 33.
1029 3483 1083 3538 116.,
1102 3485 1127 3530 de
1147 3483 1160 3530 l

254 3545 279 3591 in
294 3546 341 3592 illis
352 3546 455 3606 quinque
466 3548 531 3594 libris
552 3548 657 3594 studiose
673 3548 702 3594 de
745 3547 761 3593 1.
773 3549 795 3593 9.
808 3548 890 3604 29.,11.
905 3549 926 3595 1.
941 3549 973 3604 3.,
985 3549 1006 3594 6.
1021 3547 1060 3602 18.,
1070 3547 1096 3594 iv.
1105 3551 1125 3594 1.
1138 3549 1159 3596 lt

252 3611 556 3674 hacipsareconecriptisr
579 3612 703 3659 sedetiam
746 3611 859 3658 Additum
889 3621 968 3660 autem
998 3613 1159 3673 praepositiones

253 3677 317 3724 alibi.
351 3677 394 3738 (¹²)
417 3678 490 3727 Quasi
510 3673 702 3735 ἁνακολούθως,
744 3677 1052 3738 adprosopopoeianrelero

253 3755 296 3809 pro
312 3741 447 3808 participior
469 3743 498 3790 cs.
514 3743 543 3792 dc
562 3743 593 3795 D·
615 3742 639 3789 ii.
662 3743 701 3794 68.
778 3742 825 3792 111.
858 3739 891 3803 (¹)
915 3744 953 3792 Al.
968 3743 1153 3806 commorando
