2472 4438
370 373 449 433 LIB.
473 373 532 432 111.
556 372 648 433 CAP.
669 377 718 434 30.
958 379 1014 436 155

65 548 100 600 et
129 544 236 598 totum
246 533 300 619 jus
317 533 423 597 fetiale
445 542 477 597 et
498 532 623 598 multa¹⁹
642 545 716 598 sunt
733 534 805 620 jura
825 536 1012 600 communia.

70 620 175 694 Quod
191 619 380 696 niitaesset,
395 641 567 704 numquam
578 618 679 684 claros
692 619 776 684 viros
787 632 915 686 senatus
927 621 1014 688 vinc-

68 721 121 771 tos
139 705 286 770 hostibus
301 704 481 770 dedidisset.

118 791 249 856 XXX.
277 795 347 858 109.
373 792 419 855 At
440 813 514 855 vero
531 791 573 855 T.
593 791 744 856 Veturius
766 804 799 856 et
821 792 877 879 Sp.
897 793 1013 858 Postu-

65 879 166 955 mius,
181 900 281 963 quum
290 877 404 941 iterum
418 876 561 941 consules
576 890 690 954 essent,
708 877 791 963 quia,
808 900 908 964 quum
923 879 1014 944 male¹

67 975 254 1051 pugnatum
265 961 350 1049 apud
364 961 522 1027 Caudium
533 973 626 1040 esset,
640 963 670 1028 le
694 963 820 1028 ionibus
832 965 946 1029 nostris
955 966 1014 1030 sub

63 1053 188 1137 jugum
204 1049 304 1113 missis
324 1071 434 1134 pacem
449 1070 522 1112 cum
541 987 736 1113 Samnitibus
750 1049 900 1128 fecerant,
918 1050 1015 1118 dediti

68 1149 148 1200 sunt
174 1135 231 1200 iis:
264 1135 386 1220 injussu
411 1134 495 1198 enim
519 1133 627 1220 populi
653 1146 780 1199 senatus
804 1158 843 1199 ue
866 1137 1015 1203 fecerant.

72 1221 264 1306 Eodemque
289 1234 428 1304 tempore
456 1220 509 1284 Ti.
528 1218 704 1298 Numicius,
725 1221 768 1294 Q.
827 1222 935 1300 aelius,
960 1223 1016 1309 qui

69 1323 144 1372 tum
158 1306 278 1371 tribuni
299 1306 385 1392 plebi
406 1317 505 1384 erant,
522 1305 606 1390 quod
628 1329 736 1370 eorum
752 1309 938 1373 auctoritate
953 1330 1016 1395 pax

71 1405 141 1458 erat
155 1393 249 1470 facta,
266 1391 363 1456 dediti
379 1402 463 1470 sunt,
481 1403 516 1455 ut
539 1414 601 1477 pax
621 1392 823 1456 Samnitium²
838 1394 1016 1479 repudiare-

72 1493 137 1543 tur.
186 1480 293 1563 Atque
308 1477 403 1564 hujus
418 1477 585 1542 deditionis
600 1478 666 1563 ipse
684 1479 877 1556 Postumius,
894 1479 950 1564 qui
962 1480 1016 1544 de-

72 1565 220 1641 debatur‚
244 1587 351 1628 suasor
376 1575 409 1627 et
434 1575 544 1628 auctor
561 1563 632 1628 fuit.
680 1565 775 1640 Quod
797 1564 894 1628 idem³
908 1565 1017 1630 multis

73 1651 166 1716 annis
182 1662 253 1735 post
266 1651 304 1714 C.
319 1648 489 1714 Mancinus
502 1673 510 1724 3
533 1649 598 1734 qui,
611 1660 647 1714 ut
660 1649 875 1728 Numantinis,
887 1651 1016 1736 quibus-

75 1759 149 1802 cum
164 1737 233 1800 sine
247 1749 373 1800 senatus
385 1735 570 1800 auctoritate
581 1735 690 1799 foedus
701 1737 827 1812 fecerat,
839 1735 1013 1814 dederetur,

75 1822 276 1910 rogationem
290 1821 388 1884 suasit
403 1843 482 1898 eam,
499 1843 596 1906 quam
613 1821 652 1884 P.
665 1821 789 1898 Furius,
808 1822 883 1886 Sex.
899 1822 1016 1887 Atilius

76 1932 116 1972 ex
128 1919 257 1972 senatus
269 1906 413 1970 consulto
423 1906 584 1970 serebant:
600 1928 663 1992 qua
673 1929 745 1971 acce
771 1922 802 1972 ta
813 1921 860 1972 est
872 1907 1016 1973 hostibus

77 1994 213 2059 deditus.
261 1991 436 2056 Honestius
457 1990 520 2070 hic,
545 2014 639 2078 quam
664 1993 707 2067 Q.
755 1993 916 2080 ompeius;
939 2017 1014 2080 quo,

77 2102 178 2166 quum
201 2081 234 2142 in
256 2078 364 2142 eadem
386 2077 491 2142 causa⁴
506 2090 598 2155 esset,
616 2077 803 2164 deprecante
824 2092 952 2168 accepta
965 2081 1017 2146 lex

78 2188 143 2230 non
160 2177 219 2228 est.
268 2164 346 2228 Hic⁵
357 2186 404 2241 ea,
416 2186 497 2249 quae
506 2162 669 2228 videbatur
679 2165 807 2239 utilitas.
822 2165 893 2251 plus
906 2167 1015 2243 valuit,

79 2273 176 2337 quam
188 2250 334 2314 honestas
349 2275 357 2313 ε
381 2249 464 2336 apud
474 2249 648 2335 superiores
658 2251 803 2316 utilitatis
815 2251 1019 2337 speeiesfalsa

79 2338 120 2402 ab
130 2335 303 2400 honestatis
314 2335 499 2400 auctoritate
507 2348 655 2421 superata
665 2348 723 2403 est.
772 2342 842 2401 110.
861 2347 883 2378 “
899 2339 943 2403 At
954 2361 1018 2403 non

80 2422 189 2488 debuit
204 2435 307 2487 ratum
322 2444 400 2498 esse,
417 2420 503 2507 quod
517 2434 583 2485 erat
596 2434 702 2485 actum
712 2445 768 2508 per
777 2423 872 2487 vim.'’
918 2424 1018 2498 Quasi

80 2531 155 2574 vero
172 2508 246 2572 forti
270 2509 336 2572 viro
359 2507 406 2571 vis
428 2507 527 2593 possit
549 2505 701 2572 adhiberi.
748 2517 768 2548 “
787 2509 854 2574 Cur
868 2509 966 2596 igitur
981 2509 1019 2575 ad

80 2607 226 2659 senatum
240 2593 505 2680 proficiscebatur,
523 2615 621 2678 quum
636 2594 816 2678 praesertim
832 2595 871 2659 de
887 2597 1018 2681 captivis

81 2682 276 2745 dissuasurus
291 2691 373 2744 esset
382 2680 419 2744 1³⁹
466 2677 562 2754 Quod
577 2678 749 2742 maximum
760 2679 793 2742 in
805 2703 842 2744 eo
857 2692 914 2758 est,
928 2681 961 2746 id
970 2705 1019 2746 re-

81 2765 284 2853 prehenditis.
331 2764 405 2829 Non
428 2765 512 2829 enim
527 2786 584 2828 suo
595 2764 716 2851 judicio
730 2765 829 2843 stetit,
847 2766 900 2832 sed
915 2790 1020 2834 susce-

83 2995 133 3040 nito
151 2991 310 3038 antecedente.
350 2985 396 3049 (¹⁹)
415 2989 452 3034 Sc.
471 2986 528 3032 alia:
575 2985 640 3035 Quod
651 2986 710 3031 idem
720 2999 762 3044 pro
774 2999 828 3031 casu
840 2993 922 3046 quarto
933 2985 1019 3047 accipi·

84 3060 131 3105 vid.
152 3057 257 3115 Madvig.
276 3057 307 3102 ad
327 3056 355 3101 de
374 3055 402 3100 F.
419 3053 435 3098 i.
453 3055 475 3098 6.
494 3052 531 3098 18.
572 3060 614 3096 ant
628 3057 652 3096 et
663 3053 758 3096 verbum
768 3047 920 3111 secitutique
932 3053 1018 3098 subau—

83 3141 106 3184 p.
120 3124 173 3176 39.;
201 3119 453 3168 asserebatis.
477 3118 532 3164 210.
573 3116 646 3161 diunt.
680 3116 731 3175 Ego
747 3130 802 3162 vero
813 3119 911 3175 primam
923 3116 1019 3176 positio·

84 3197 150 3244 exin,
162 3188 194 3234 ad
204 3187 232 3232 F.
244 3187 274 3232 iv.
287 3187 309 3231 6.
321 3186 343 3230 2.
573 3195 627 3227 nem
638 3180 742 3240 intelligo
754 3188 778 3226 et
788 3183 884 3226 verbum
893 3183 1020 3227 substanti-

116 3253 193 3300 XXX.
211 3247 245 3313 (¹)
257 3248 291 3297 Gi.
303 3252 330 3297 de
347 3250 378 3296 D.
392 3249 408 3294 i.
426 3249 464 3294 54.
479 3248 531 3294 123.
571 3260 626 3291 vum
644 3256 740 3306 repeto:
758 3247 818 3305 qaod
836 3247 895 3292 idem
916 3245 957 3303 (sc.
970 3249 1019 3308 ejus

84 3317 117 3379 (²)
127 3317 162 3364 Cf.
173 3317 259 3363 lustin.
268 3315 308 3361 xii.
319 3317 347 3370 l.‚
355 3314 419 3363 “Qas'
427 3313 533 3372 Philippi
572 3310 698 3356 deditionis
709 3325 797 3365 suasor,
808 3325 855 3370 qua
869 3311 918 3370 ipse
930 3312 1019 3358 deden·

83 3383 256 3442 Alexandriqae
269 3395 350 3440 paoem
372 3378 415 3425 soli
438 3392 532 3438 spreve·
572 3377 615 3420 dus
627 3377 687 3428 erat)
697 3376 903 3435 multieanaiepoat
912 3376 936 3422 G.
949 3377 1019 3424 Maa-

84 3448 166 3502 rant;”
183 3456 208 3492 et
220 3446 309 3493 Terent.
326 3445 359 3492 Η.
379 3443 405 3489 Τ.
417 3458 439 3488 ν.
451 3445 473 3489 2.
485 3443 533 3498 ta,
572 3436 708 3498 etnassutt:
725 3454 771 3499 quo
782 3441 811 3486 de
826 3449 963 3487 neutrorum
975 3457 1019 3487 usu

85 3518 99 3540 “
110 3513 191 3560 Petris
205 3526 285 3570 paoem
301 3511 325 3556 in
344 3511 407 3568 leges
427 3507 534 3553 conficiet
572 3504 618 3550 vid.
636 3505 752 3564 Wopkens.
764 3505 792 3551 I..
806 3506 832 3551 T.
847 3520 870 3566 p.
885 3507 937 3552 115.
952 3503 1019 3566 [159.

86 3578 163 3625 suas.''
197 3577 258 3622 Nam
279 3577 349 3635 paulo
366 3574 433 3620 aliter
444 3574 532 3620 Sallus·
572 3567 617 3630 fl]
631 3577 655 3614 et
667 3570 769 3630 Madvig.
780 3572 845 3618 adde
854 3572 883 3617 F.
894 3585 916 3630 p.
929 3573 983 3616 588.
995 3582 1020 3617 et

87 3648 133 3691 tiae
151 3642 175 3688 J.
190 3643 228 3688 81.
247 3650 315 3697 extr,
338 3640 533 3699 “Boccdipaoem
573 3637 626 3682 6⁰0.
661 3631 694 3696 (⁴)
706 3635 744 3681 Cf.
756 3635 821 3682 i.3l.
837 3637 888 3680 112.
905 3650 952 3695 spr.
985 3633 1019 3697 (⁵)

86 3703 247 3755 imminuere.''
268 3703 302 3767 (³)
313 3706 366 3752 Non
376 3702 532 3763 dubitoequi·
573 3701 593 3747 1.
613 3716 633 3747 e.
655 3701 717 3760 apud
736 3701 806 3747 hune.
840 3701 878 3746 An
896 3700 1016 3746 Hate1v.

87 3777 148 3831 dem,
160 3772 216 3833 quin
233 3772 338 3833 plerique
355 3771 459 3830 legentes
476 3770 533 3815 haec
565 3767 602 3813 ad
613 3769 645 3815 N.
657 3767 688 3813 D.
701 3766 715 3813 i.
724 3767 762 3812 28.
773 3765 810 3814 79.
834 3759 867 3826 (⁶)
879 3765 937 3812 Puta
946 3767 1019 3812 aiant.
