2450 4478
226 383 282 442 las
561 377 617 442 DE
641 374 817 444 omens

228 541 311 620 vola,
328 539 470 628 pontifex
482 540 648 618 maximus,
664 561 818 606 summam
833 539 898 606 vim
912 561 982 606 esse
997 535 1136 606 dicebat
1147 534 1177 602 in

228 628 376 700 omnibus
398 626 437 690 iis
460 626 607 704 arbitriis,
631 628 664 692 in
689 627 805 712 quibus
827 625 996 692 adderetur
1014 646 1067 692 ax
1093 645 1178 689 arna

229 736 342 782 Bous:
355 715 502 798 fideique
529 715 628 778 bonae
661 735 777 778 nomen
804 712 1006 778 existimabat
1041 732 1178 779 manare

228 800 390 876 latissime,
402 797 433 862 id
456 819 495 860 ue
507 799 623 862 versari
633 797 666 862 in
678 798 796 876 tutelis,
809 798 1025 875 societatibus
1033 797 1176 872 fiduciis,

228 884 395 962 mandatis,
407 821 502 948 rebus
511 885 613 962 emtis,
622 884 767 962 venditis,
774 883 948 961 conductis,
961 884 1092 962 locatis,
1107 883 1178 968 qui-

229 975 288 1038 bus
304 971 387 1036 vitae
402 969 535 1034 societas
550 970 782 1036 contineretur:
804 970 838 1034 in
853 969 902 1034 his
916 970 1028 1056 magni
1041 991 1117 1036 esse
1125 970 1176 1056 ju-

230 1058 319 1134 dicis,
344 1068 492 1133 statuere,
511 1056 710 1141 (praesertim
731 1077 830 1142 quum
844 1056 877 1120 in
889 1055 1054 1142 plerisque
1070 1067 1177 1120 essent

227 1143 347 1230 judicia
356 1142 607 1227 contraria)quid
615 1163 773 1228 quemque
785 1141 897 1228 cuique
909 1155 1072 1227 praestare
1084 1164 1176 1228 opor-

231 1241 320 1295 teret.
376 1231 427 1296 71.
454 1227 612 1303 Quocirca
630 1227 763 1294 astutiae
786 1227 943 1292 tollendae
967 1239 1044 1294 sunt
1076 1249 1176 1312 eaque

230 1315 361 1393 malitia,
378 1338 460 1401 quae
481 1313 550 1378 vult
571 1314 627 1380 illa
647 1313 774 1400 quidem
794 1313 890 1377 videri
905 1336 937 1378 se
952 1335 1023 1378 esse
1037 1314 1176 1399 pruden-

232 1402 318 1480 tiam,
330 1401 385 1466 sed
399 1402 488 1466 abest
498 1399 538 1464 ab
548 1421 586 1466 ea
594 1401 753 1484 distatque
767 1399 948 1486 plurimum.
996 1399 1176 1464 Prudentia

232 1500 281 1552 est
295 1488 379 1552 eninr
390 1488 492 1552 locata
506 1486 539 1548 in
553 1485 678 1552 delectu
692 1486 847 1550 bonorum
861 1485 1086 1550 etmalorum:
1109 1508 1174 1550 me·

231 1573 310 1652 litia,
327 1575 354 1639 si
368 1575 484 1650 omnia,
502 1593 582 1656 quae
597 1571 702 1659 turpia
715 1582 799 1649 sunt,
816 1571 899 1636 mala
912 1582 999 1650 sunt,
1017 1572 1105 1639 mala
1120 1573 1174 1636 bo-

231 1661 281 1725 nis
292 1660 382 1747 ponit
393 1659 490 1724 ante⁷.
539 1659 607 1724 Nec
619 1681 692 1724 vero
706 1658 741 1722 in
751 1657 884 1745 praediis
895 1657 999 1721 solum
1005 1658 1063 1744 jus
1072 1657 1174 1733 civile,

232 1747 361 1812 ductum
376 1758 530 1822 enatura,
548 1744 701 1810 malitiam
714 1743 916 1829 fraudemque
931 1742 1096 1820 vindicat3
1120 1744 1172 1808 sed

233 1833 330 1898 etiem
344 1833 377 1896 in
392 1833 618 1918 mancipiorum
628 1829 807 1896 venditione
821 1831 905 1894 fraus
920 1829 1093 1894 venditoris
1108 1852 1173 1894 om-

233 1917 282 1983 nis
297 1917 483 1982 excluditur.
530 1916 596 1991 Qut
606 1917 690 1980 enirn
704 1915 783 1980 scire
793 1915 911 1992 debuit,
926 1915 964 1980 de
973 1916 1121 1992 sanitate,
1135 1915 1171 1980 de

233 2005 321 2090 fuga,
348 2003 386 2066 de
401 2002 502 2078 birtis,
526 2011 665 2086 praestat
678 2002 781 2066 edicto
795 2000 953 2066 aedilium.
999 2002 1053 2068 72.
1073 2002 1171 2066 Here·

234 2089 309 2153 dum
332 2087 394 2152 alia
416 2109 510 2152 causa
533 2097 591 2150 est.
639 2088 691 2152 Ex
712 2109 776 2173 quo
797 2087 997 2174 intelligitur,
1022 2089 1170 2174 quoniam

231 2174 313 2260 juris
322 2185 433 2239 natura
448 2173 518 2236 fons
532 2172 582 2249 sit,
600 2171 660 2238 hoo
675 2173 847 2238 secundum
861 2184 1006 2238 naturam
1022 2197 1101 2252 esse,
1117 2196 1171 2237 ne-

234 2260 352 2324 minem
374 2260 407 2323 id
432 2280 535 2346 agere,
564 2269 600 2322 ut
625 2281 666 2324 ex
687 2259 815 2325 alterius
837 2259 1005 2345 praedetur
1026 2259 1168 2326 inscitia⁸.

236 2347 309 2412 Nec
323 2346 389 2410 ulla
409 2344 563 2430 pernicies
584 2345 668 2410 vitae
682 2347 782 2431 major
797 2344 930 2410 inveniri
944 2357 1061 2431 potest,
1079 2367 1169 2431 quam

234 2432 282 2497 in⁹
295 2432 415 2496 malitia
428 2430 586 2497 simulatio
599 2431 849 2518 intelligentiae:
871 2453 912 2494 ex
925 2453 991 2516 quo
1004 2431 1069 2498 ista
1082 2434 1169 2496 iunu-

235 2517 396 2582 merabilia
416 2530 597 2595 nascuntur,
620 2528 657 2581 ut
679 2516 769 2582 utilia
790 2538 862 2580 oum
877 2515 1017 2584 honestis
1031 2541 1169 2619 pugnare

236 2603 411 2668 videantur.
458 2601 585 2677 Quotus
600 2603 682 2668 enim
694 2602 828 2688 quisque
839 2603 1022 2688 reperietur,
1035 2604 1167 2690 qu1,im-

236 2690 381 2777 punitate
395 2701 427 2753 et
440 2688 639 2776 ignoratione
651 2687 816 2754 omnium¹⁰
829 2689 1000 2774 proposita,
1017 2691 1165 2756 abstinere

237 2777 337 2863 possit
350 2774 493 2860 injuria?

283 2861 428 2924 XVIII.
451 2862 468 2927 7
473 2865 503 2924 3.
529 2860 759 2937 Periclitemur,
777 2859 804 2924 si
823 2859 939 2946 placet,
958 2871 991 2926 et
1004 2861 1038 2924 in
1051 2861 1089 2927 iis
1101 2862 1164 2948 qui·

236 2947 307 3012 dem
321 2946 482 3032 exemplis,
496 2946 529 3010 in
544 2946 659 3033 quibus
674 2945 795 3033 peccari
809 2946 925 3033 vulgus
940 2945 1163 3012 hominumfor·

236 3046 319 3098 tasse
341 3055 405 3096 non
427 3044 529 3118 putet.
576 3031 690 3118 Neque
710 3032 794 3096 enim
814 3031 854 3096 de
869 3032 997 3110 sicariis,
1015 3033 1160 3110 veneficis,

237 3118 490 3195 testamentariis,
515 3117 646 3195 furibus,
670 3117 903 3204 peculatoribus
918 3117 979 3183 hoc
994 3119 1064 3184 loco
1076 3120 1163 3184 disse·

235 3204 368 3268 rendum
383 3214 449 3280 est;
472 3202 528 3289 qui
543 3225 606 3269 non
622 3203 725 3268 verbis
740 3215 861 3268 suntet
876 3203 1086 3290 disputatione
1099 3204 1162 3292 phi-

234 3289 450 3376 losophorum,
457 3290 511 3355 sed
523 3288 656 3354 vinculis
667 3301 700 3354 et
710 3311 832 3354 carcere
842 3289 1023 3376 fatigandi:
1036 3291 1161 3357 sedhaec

237 3375 479 3455 consideremus,
496 3397 577 3462 quae
591 3375 712 3441 faciunt
726 3375 758 3456 ii,
775 3378 830 3462 qui
844 3373 1000 3442 habentur
1015 3377 1096 3444 boni.
1123 3377 1159 3442 L.

239 3566 353 3617 ctas.
364 3581 386 3612 v.
400 3565 486 3614 2165.
520 3563 688 3630 (⁷)I.e.ante·
727 3569 755 3615 εἰ.
768 3571 791 3617 6.
804 3571 843 3618 32.
854 3585 901 3632 apr.
935 3567 981 3634 (¹⁰)
993 3570 1158 3619 Sahomlnume

236 3634 318 3696 ponit:
330 3632 361 3679 cf.
367 3646 410 3694 pro
419 3632 484 3678 Sata
492 3633 514 3678 8.
523 3633 562 3678 2⁵.
584 3630 618 3695 (Β)
627 3634 689 3680 lidd.
727 3635 755 3681 cl.
767 3635 791 3680 ii.
808 3637 845 3682 18.
858 3639 897 3682 4⁵.
908 3650 955 3696 apr.

237 3701 354 3760 quaedam
370 3699 508 3746 imolensis:
526 3711 547 3743 v.
564 3700 595 3744 sd
611 3699 629 3745 i.
648 3700 686 3746 st.
759 3699 852 3748 XVIII.
865 3697 897 3762 (¹)
912 3701 1091 3759 tecchibendi,
1101 3715 1156 3749 corn-

240 3767 292 3814 121.
304 3779 352 3826 spr.
386 3759 420 3826 (⁹)
431 3763 450 3810 1.
459 3777 479 3811 e.
489 3762 528 3810 ubi
538 3764 686 3812 estmelitia:
725 3764 851 3825 primeudl,
858 3774 885 3814 ut
892 3765 1056 3828 interpretatur
1064 3767 1156 3816 Nonius:
