2450 4478
213 375 269 433 142
559 368 616 428 DE
638 367 819 429 OFFICIIS

213 541 295 607 sent,
319 539 355 593 ut
369 550 418 591 res
432 526 606 591 nummaria
631 525 669 590 de
690 524 850 590 communi
864 525 1022 591 sententia
1037 525 1176 592 consti-

212 626 370 682 tueretur:
390 613 570 700 jaetabatur
592 612 676 676 enim
698 611 893 698 temporibus
915 612 979 677 illis
1002 633 1173 676 nummus

213 704 268 779 sie,
293 711 329 765 ut
348 721 440 764 nemo
456 709 563 784 posset
577 699 666 776 seire,
691 698 768 782 quid
791 696 933 763 haberet.
980 698 1174 784 Conscrip-

213 799 321 852 serunt
336 784 542 849 communiter
556 783 695 848 edictum
710 805 782 848 eum
820 805 899 849 aena
913 795 1010 870 atque
1019 782 1173 870 judicic,

214 872 444 937 constituerunt
469 892 518 946 ue,
536 881 572 934 ut
586 891 695 933 omnes
710 806 850 934 simulin
866 871 984 934 Rostra
998 882 1075 956 post
1089 893 1176 934 me-

153 1008 156 1014 .
216 958 325 1022 ridiem
351 893 564 1021 escenderent.
611 955 655 1018 Et
677 955 774 1019 ceteri
821 955 928 1020 uidem
956 955 1040 1020 alius
1068 955 1165 1030 alio;

219 1043 370 1108 Mariusa
385 1040 540 1106 subselliis
556 1041 587 1104 in
596 1041 713 1104 Rostra
727 1051 834 1118 recta,
850 1041 957 1127 idque,
971 1041 1061 1126 quod
1073 1063 1177 1106 eorn-

216 1129 353 1193 muniter
367 1127 575 1213 compositum
588 1127 698 1204 fuerat,
722 1126 806 1190 solus
821 1126 932 1191 edixit.
981 1125 1026 1192 Et
1042 1150 1083 1191 ea
1096 1149 1171 1204 ress,

217 1215 244 1279 si
259 1213 416 1300 quaeris¹⁰,
433 1213 462 1276 ei
477 1235 593 1299 magno
608 1210 720 1276 honori
734 1211 814 1276 fuit:
839 1212 985 1278 omnibus
997 1213 1080 1277 vicis
1094 1225 1174 1278 sta-

218 1312 291 1366 tuae
303 1324 312 1376 ;
335 1299 375 1364 ad
389 1321 441 1363 eas
456 1310 518 1375 tus,
547 1297 661 1362 oerei¹¹.
709 1297 796 1373 Quid
818 1298 946 1363 multa?
969 1321 1066 1363 nemo
1090 1320 1174 1362 um-

218 1409 313 1473 quam
327 1384 522 1449 multitudini
540 1383 600 1447 fuit
612 1383 721 1449 carior.
766 1389 818 1448 al.
846 1383 936 1449 Haec
963 1397 1051 1463 sunt,
1076 1407 1174 1470 quae

219 1472 407 1537 conturbent
429 1471 462 1534 in
486 1469 710 1535 deliberatione
724 1491 1102 1556 nonnumquam,‚quum
1116 1470 1169 1546 id,

219 1558 254 1622 in
269 1582 333 1645 quo
348 1557 483 1622 violatur
497 1555 648 1641 aequitas,
672 1577 735 1619 non
759 1555 803 1620 ita
821 1579 984 1643 magnum,
1009 1555 1092 1620 illud
1107 1579 1173 1620 au-

220 1656 296 1724 tem,
320 1643 405 1731 quod
431 1666 471 1708 ex
500 1665 537 1706 eo
562 1642 691 1728 paritur,
715 1663 924 1743 permagnum
953 1641 1102 1706 videtur:
1128 1655 1173 1706 ut

223 1731 340 1808 Mario,
353 1729 527 1817 praeripere
539 1727 671 1815 collegis
680 1738 712 1791 et
722 1727 855 1792 tribunrs
870 1728 958 1813 plebi
973 1727 1169 1815 popularem

221 1818 367 1904 gratiam,
391 1838 455 1879 non
470 1815 515 1879 ita
530 1826 642 1900 turpe3
666 1813 825 1878 consulem
840 1814 880 1878 ob
896 1836 966 1878 eam
986 1836 1054 1878 rem
1081 1813 1167 1890 fieri,

246 1901 308 1966 uod
334 1901 393 1964 sibi
417 1912 485 1964 tum
508 1911 724 1985 proposuerat,
760 1899 852 1964 valde
877 1899 956 1964 utile
983 1899 1166 1964 videbatur.

222 1925 292 2051 bed
306 1985 446 2050 omnium
470 2007 532 2047 una
556 2007 588 2047 re
614 1984 668 2048 ula
686 1996 744 2062 est,
769 2008 864 2071 quarn
887 1985 947 2049 tibi
973 1985 1069 2072 cupio
1096 2007 1168 2050 esse

224 2070 436 2136 notissimam:
460 2079 515 2132 aut
530 2007 618 2147 illud,
643 2070 729 2157 quod
753 2071 830 2135 utile
855 2070 991 2148 videtur,
1015 2082 1110 2156 turpe
1124 2093 1166 2134 ne

224 2157 286 2233 sit;
309 2167 374 2232 aut,
398 2156 425 2218 si
440 2166 531 2239 turpe
546 2166 604 2232 est,
629 2179 668 2220 ne
684 2156 823 2221 videatur
846 2179 914 2221 esse
936 2157 1028 2222 utile.
1078 2157 1167 2232 Quid

224 2243 349 2331 igitur?
371 2262 579 2328 possumusne
594 2252 648 2305 aut
662 2242 752 2306 illum
770 2242 910 2306 Marium
925 2243 1028 2307 virum
1042 2242 1166 2307 bonum

221 2329 363 2416 judicare
379 2326 560 2392 anthane?
608 2327 766 2414 Explica¹²
785 2341 880 2414 atque
906 2340 1020 2393 excute
1044 2328 1165 2394 intelli-

225 2415 365 2502 gentiam
380 2422 479 2490 tuam‚
496 2423 533 2476 ut
547 2412 662 2490 videas,
680 2435 760 2498 quae
771 2415 811 2478 sit
822 2415 854 2477 in
867 2437 904 2478 ea
918 2415 1052 2500 speeieS,
1067 2414 1168 2479 forma

226 2500 282 2566 et¹³
306 2498 394 2563 notio
408 2497 468 2562 viri
488 2498 574 2562 boni.
621 2498 739 2563 Cadit¹⁴
762 2523 838 2587 ergo
861 2500 892 2563 in
919 2501 1020 2564 virum
1045 2501 1166 2566 bonum

225 2584 351 2650 mentiri
366 2584 575 2650 emolumenti
585 2584 633 2648 sni
655 2606 759 2663 eausa,
784 2585 950 2663 criminari,
973 2587 1163 2673 praeripere,

224 2671 361 2736 fallere?
408 2669 498 2734 Nihil
514 2671 654 2756 profecto
668 2671 784 2735 minus.
829 2675 882 2736 82.
913 2672 972 2736 Est
997 2694 1076 2759 ergo
1100 2671 1165 2736 ulla

226 2779 275 2822 res
288 2755 369 2821 tanti
384 2768 438 2821 aut
453 2757 650 2822 commodum
676 2756 777 2821 ullum
792 2767 857 2821 tam
879 2758 1105 2844 expetendum,
1129 2770 1164 2821 ut

228 2842 287 2908 viri
310 2841 386 2906 boni
410 2853 442 2906 et
465 2842 662 2929 splendorem
685 2854 716 2907 et
741 2865 854 2907 nomen
877 2843 1031 2908 amittas?
1080 2842 1165 2919 Quid

229 2941 287 3006 est,
312 2927 399 3014 quod
424 2927 534 2992 afferre
556 2939 681 2992 tantum
704 2928 823 2993 utilitas
847 2929 919 3006 ista,
943 2951 1024 3016 quae
1039 2929 1162 3005 dicitur,

229 3013 338 3102 possit,
363 3024 518 3099 quantum
532 3013 687 3091 auferre¹⁵,
711 3013 737 3078 si
751 3013 827 3078 boni
842 3014 901 3078 viri
926 3037 1042 3078 nomen
1065 3016 1167 3102 eripu-

229 3099 299 3178 erit,
334 3100 428 3164 fidem
457 3099 676 3185 justitiamque
700 3099 901 3165 detraxerit?
962 3100 1051 3175 Quid
1087 3102 1167 3166 enim

229 3184 370 3264 interest,
406 3196 514 3249 utrum
540 3207 581 3249 ex
610 3184 737 3251 homine
762 3208 795 3250 se
826 3185 1012 3252 convertat6
1035 3187 1108 3274 quis
1135 3187 1165 3250 in

232 3401 336 3464 genitivo
347 3401 465 3448 Drakenb.
475 3401 563 3449 adlata.
575 3401 599 3448 ii.
612 3402 650 3447 42.
659 3403 680 3449 6.
721 3409 866 3463 ευερεειαιης
883 3419 905 3463 q.
916 3417 939 3448 v.
950 3402 980 3449 ad
991 3401 1020 3448 de
1031 3401 1060 3449 F.
1077 3418 1099 3463 p.
1116 3401 1166 3452 570.

234 3464 268 3532 (⁹)
280 3467 332 3514 Vid.
345 3467 421 3512 Nizol.
448 3464 492 3528 (¹⁰)
500 3467 554 3513 vid.
565 3467 681 3513 Schwarz.
722 3483 756 3528 sq.
795 3469 891 3514 Frustra
910 3474 989 3514 antem
1007 3467 1109 3528 Krarup.
1130 3475 1167 3516 aut

235 3533 405 3582 Mursella.
423 3531 477 3580 237.
507 3529 551 3592 (¹¹)
565 3533 584 3578 l.
594 3547 614 3578 e.
626 3547 682 3592 sup·
721 3529 1165 3594 speciesautsormueensetejioiendum,

235 3599 328 3661 plicatio
340 3598 384 3645 diis
393 3597 470 3643 fiebat.
499 3593 543 3658 (¹²)
552 3596 587 3643 cf.
599 3599 635 3643 19.
646 3597 683 3645 tt.
726 3598 790 3644 Otos.
802 3613 824 3658 p.
835 3597 857 3646 7.
885 3592 929 3659 (¹⁴)
938 3597 998 3644 Vide
1006 3598 1037 3644 ad
1046 3599 1068 3643 8.
1083 3599 1164 3658 14.spr.

235 3681 291 3726 apr,
306 3665 470 3724 complicatum.
509 3658 553 3723 (¹³)
567 3662 635 3708 Hane
646 3677 684 3708 co·
726 3659 769 3724 (¹³)
783 3664 818 3709 Sc.
830 3670 923 3724 potem
939 3662 956 3708 i.
967 3677 987 3708 e.
1004 3669 1119 3724 qnantum
1130 3677 1165 3709 ne-

236 3732 317 3792 pulam
339 3736 431 3792 oportet
449 3727 618 3787 ClMadvigio
636 3741 686 3774 esse
725 3742 788 3776 cesse
801 3727 1005 3776 siteamauferre.
1041 3722 1084 3791 (¹⁶)
1097 3728 1163 3776 codd
