<?xml version="1.0" encoding="UTF-8"?>
<!DOCTYPE html PUBLIC "-//W3C//DTD XHTML 1.0 Transitional//EN"
    "http://www.w3.org/TR/xhtml1/DTD/xhtml1-transitional.dtd">
<html xmlns="http://www.w3.org/1999/xhtml" xml:lang="en" lang="en">
 <head>
  <title>
</title>
<meta http-equiv="Content-Type" content="text/html;charset=utf-8" />
  <meta name='ocr-system' content='tesseract 3.04.00' />
  <meta name='ocr-capabilities' content='ocr_page ocr_carea ocr_par ocr_line ocrx_word'/>
</head>
<body>
  <div class='ocr_page' id='page_1' title='image "./deofficiislibri00allegoog_0120.png"; bbox 0 0 2450 4478; ppageno 0'>
   <div class='ocr_carea' id='block_1_1' title="bbox 377 331 1017 398">
    <p class='ocr_par' dir='ltr' id='par_1_1' title="bbox 377 331 1017 398">
     <span class='ocr_line' id='line_1_1' title="bbox 377 331 1017 398; baseline 0.009 -6"><span class='ocrx_word' id='word_1_1' title='bbox 377 331 455 395; x_wconf 90' lang='lat' dir='ltr'><strong>LlB.</strong></span> <span class='ocrx_word' id='word_1_2' title='bbox 473 331 512 393; x_wconf 89' lang='lat' dir='ltr'><strong>ll.</strong></span> <span class='ocrx_word' id='word_1_3' title='bbox 534 333 619 394; x_wconf 88' lang='lat' dir='ltr'><strong>CAP.</strong></span> <span class='ocrx_word' id='word_1_4' title='bbox 635 337 684 392; x_wconf 81' lang='lat' dir='ltr'><strong>at.</strong></span> <span class='ocrx_word' id='word_1_5' title='bbox 761 367 765 376; x_wconf 91' lang='lat'><strong>·</strong></span> <span class='ocrx_word' id='word_1_6' title='bbox 963 339 1017 398; x_wconf 88' lang='lat'><strong>103</strong></span> 
     </span>
    </p>
   </div>
   <div class='ocr_carea' id='block_1_2' title="bbox 18 491 1019 2976">
    <p class='ocr_par' dir='ltr' id='par_1_2' title="bbox 18 491 1019 2382">
     <span class='ocr_line' id='line_1_2' title="bbox 58 491 1019 580; baseline 0 -20"><span class='ocrx_word' id='word_1_7' title='bbox 58 494 106 560; x_wconf 89' lang='lat' dir='ltr'><strong>ad</strong></span> <span class='ocrx_word' id='word_1_8' title='bbox 129 491 359 580; x_wconf 82' lang='lat' dir='ltr'><strong>aequationem</strong></span> <span class='ocrx_word' id='word_1_9' title='bbox 373 492 528 556; x_wconf 87' lang='lat' dir='ltr'><strong>bonorum</strong></span> <span class='ocrx_word' id='word_1_10' title='bbox 542 493 724 578; x_wconf 85' lang='lat' dir='ltr'><strong>pertinens3</strong></span> <span class='ocrx_word' id='word_1_11' title='bbox 748 513 811 577; x_wconf 89' lang='lat' dir='ltr'><strong>qua</strong></span> <span class='ocrx_word' id='word_1_12' title='bbox 835 504 923 578; x_wconf 92' lang='lat' dir='ltr'><strong>peste</strong></span> <span class='ocrx_word' id='word_1_13' title='bbox 938 517 1019 580; x_wconf 89' lang='lat' dir='ltr'><strong>quae</strong></span> 
     </span>
     <span class='ocr_line' id='line_1_3' title="bbox 57 577 1015 667; baseline 0 -22"><span class='ocrx_word' id='word_1_14' title='bbox 57 593 183 667; x_wconf 89' lang='lat' dir='ltr'><strong>potest</strong></span> <span class='ocrx_word' id='word_1_15' title='bbox 198 602 267 644; x_wconf 88' lang='lat' dir='ltr'><strong>esse</strong></span> <span class='ocrx_word' id='word_1_16' title='bbox 282 577 410 664; x_wconf 81' lang='lat' dir='ltr'><strong>major?</strong></span> <span class='ocrx_word' id='word_1_17' title='bbox 457 579 549 642; x_wconf 89' lang='lat' dir='ltr'><strong>Hanc</strong></span> <span class='ocrx_word' id='word_1_18' title='bbox 565 579 648 641; x_wconf 91' lang='lat' dir='ltr'><strong>enim</strong></span> <span class='ocrx_word' id='word_1_19' title='bbox 664 579 704 642; x_wconf 92' lang='lat' dir='ltr'><strong>ob</strong></span> <span class='ocrx_word' id='word_1_20' title='bbox 728 601 853 642; x_wconf 85' lang='lat' dir='ltr'><strong>causam</strong></span> <span class='ocrx_word' id='word_1_21' title='bbox 868 581 1015 659; x_wconf 86' lang='lat' dir='ltr'><strong>maxime,</strong></span> 
     </span>
     <span class='ocr_line' id='line_1_4' title="bbox 59 664 1019 748; baseline 0 -18"><span class='ocrx_word' id='word_1_22' title='bbox 59 679 103 731; x_wconf 93' lang='lat' dir='ltr'><strong>ut</strong></span> <span class='ocrx_word' id='word_1_23' title='bbox 121 689 186 730; x_wconf 89' lang='lat' dir='ltr'><strong>sua</strong></span> <span class='ocrx_word' id='word_1_24' title='bbox 201 677 356 740; x_wconf 90' lang='lat' dir='ltr'><strong>tenerent,</strong></span> <span class='ocrx_word' id='word_1_25' title='bbox 382 664 591 748; x_wconf 90' lang='lat' dir='ltr'><strong>respublicae</strong></span> <span class='ocrx_word' id='word_1_26' title='bbox 607 665 813 748; x_wconf 89' lang='lat' dir='ltr'><strong>civitatesque</strong></span> <span class='ocrx_word' id='word_1_27' title='bbox 828 666 1019 732; x_wconf 78' lang='lat' dir='ltr'>constitutae</span> 
     </span>
     <span class='ocr_line' id='line_1_5' title="bbox 60 749 1018 836; baseline 0.001 -20"><span class='ocrx_word' id='word_1_28' title='bbox 60 764 161 816; x_wconf 87' lang='lat' dir='ltr'><strong>sunt.</strong></span> <span class='ocrx_word' id='word_1_29' title='bbox 211 750 307 827; x_wconf 88' lang='lat' dir='ltr'><strong>Nam,</strong></span> <span class='ocrx_word' id='word_1_30' title='bbox 332 750 391 814; x_wconf 90' lang='lat' dir='ltr'><strong>etsi</strong></span> <span class='ocrx_word' id='word_1_31' title='bbox 412 749 492 813; x_wconf 90' lang='lat' dir='ltr'><strong>duce</strong></span> <span class='ocrx_word' id='word_1_32' title='bbox 516 761 628 814; x_wconf 89' lang='lat' dir='ltr'><strong>natura</strong></span> <span class='ocrx_word' id='word_1_33' title='bbox 658 772 716 813; x_wconf 89' lang='lat' dir='ltr'><strong>con</strong></span> <span class='ocrx_word' id='word_1_34' title='bbox 741 751 931 836; x_wconf 80' lang='lat' dir='ltr'><strong>regebantur</strong></span> <span class='ocrx_word' id='word_1_35' title='bbox 960 751 1018 817; x_wconf 91' lang='lat' dir='ltr'><strong>ho·</strong></span> 
     </span>
     <span class='ocr_line' id='line_1_6' title="bbox 60 835 1017 920; baseline 0.001 -19"><span class='ocrx_word' id='word_1_36' title='bbox 60 839 190 912; x_wconf 80' lang='lat' dir='ltr'><strong>minae,</strong></span> <span class='ocrx_word' id='word_1_37' title='bbox 215 849 320 902; x_wconf 91' lang='lat' dir='ltr'><strong>tamen</strong></span> <span class='ocrx_word' id='word_1_38' title='bbox 346 857 403 920; x_wconf 90' lang='lat' dir='ltr'><strong>spe</strong></span> <span class='ocrx_word' id='word_1_39' title='bbox 428 835 588 899; x_wconf 84' lang='lat' dir='ltr'>custodiae</span> <span class='ocrx_word' id='word_1_40' title='bbox 611 857 714 900; x_wconf 89' lang='lat' dir='ltr'><strong>rerum</strong></span> <span class='ocrx_word' id='word_1_41' title='bbox 743 859 869 900; x_wconf 89' lang='lat' dir='ltr'><strong>suarum</strong></span> <span class='ocrx_word' id='word_1_42' title='bbox 893 838 1017 903; x_wconf 90' lang='lat' dir='ltr'><strong>urbium</strong></span> 
     </span>
     <span class='ocr_line' id='line_1_7' title="bbox 63 921 1015 1010; baseline 0.002 -23"><span class='ocrx_word' id='word_1_43' title='bbox 63 923 234 1010; x_wconf 87' lang='lat' dir='ltr'><strong>praesidia</strong></span> <span class='ocrx_word' id='word_1_44' title='bbox 251 921 454 1007; x_wconf 84' lang='lat' dir='ltr'><strong>quaerebant.</strong></span> <span class='ocrx_word' id='word_1_45' title='bbox 501 923 552 988; x_wconf 80' lang='lat'><strong>74.</strong></span> <span class='ocrx_word' id='word_1_46' title='bbox 577 921 694 985; x_wconf 88' lang='lat' dir='ltr'><strong>Danda</strong></span> <span class='ocrx_word' id='word_1_47' title='bbox 717 923 813 986; x_wconf 89' lang='lat' dir='ltr'><strong>etiam</strong></span> <span class='ocrx_word' id='word_1_48' title='bbox 837 946 931 1008; x_wconf 86' lang='lat' dir='ltr'><strong>opera</strong></span> <span class='ocrx_word' id='word_1_49' title='bbox 956 937 1015 1002; x_wconf 88' lang='lat' dir='ltr'><strong>est,</strong></span> 
     </span>
     <span class='ocr_line' id='line_1_8' title="bbox 65 1007 1018 1096; baseline 0.002 -24"><span class='ocrx_word' id='word_1_50' title='bbox 65 1033 124 1086; x_wconf 91' lang='lat' dir='ltr'><strong>ne,</strong></span> <span class='ocrx_word' id='word_1_51' title='bbox 152 1007 240 1094; x_wconf 93' lang='lat' dir='ltr'><strong>quod</strong></span> <span class='ocrx_word' id='word_1_52' title='bbox 255 1007 338 1092; x_wconf 89' lang='lat' dir='ltr'><strong>apud</strong></span> <span class='ocrx_word' id='word_1_53' title='bbox 352 1008 486 1093; x_wconf 89' lang='lat' dir='ltr'><strong>majores</strong></span> <span class='ocrx_word' id='word_1_54' title='bbox 502 1018 625 1071; x_wconf 90' lang='lat' dir='ltr'><strong>nostros</strong></span> <span class='ocrx_word' id='word_1_55' title='bbox 650 1030 745 1093; x_wconf 86' lang='lat' dir='ltr'><strong>saepe</strong></span> <span class='ocrx_word' id='word_1_56' title='bbox 767 1008 864 1073; x_wconf 89' lang='lat' dir='ltr'><strong>fiebat</strong></span> <span class='ocrx_word' id='word_1_57' title='bbox 890 1022 1018 1096; x_wconf 87' lang='lat' dir='ltr'><strong>propter</strong></span> 
     </span>
     <span class='ocr_line' id='line_1_9' title="bbox 65 1092 1018 1178; baseline -0.001 -18"><span class='ocrx_word' id='word_1_58' title='bbox 65 1095 188 1160; x_wconf 88' lang='lat' dir='ltr'><strong>aerarii</strong></span> <span class='ocrx_word' id='word_1_59' title='bbox 203 1093 389 1159; x_wconf 79' lang='lat' dir='ltr'><strong>tenuitatem</strong></span> <span class='ocrx_word' id='word_1_60' title='bbox 399 1092 673 1178; x_wconf 86' lang='lat' dir='ltr'><strong>assiduitatemque</strong></span> <span class='ocrx_word' id='word_1_61' title='bbox 685 1092 850 1171; x_wconf 87' lang='lat' dir='ltr'><strong>bellorum,</strong></span> <span class='ocrx_word' id='word_1_62' title='bbox 865 1095 1018 1159; x_wconf 86' lang='lat' dir='ltr'><strong>tributum</strong></span> 
     </span>
     <span class='ocr_line' id='line_1_10' title="bbox 68 1178 1016 1264; baseline 0.001 -19"><span class='ocrx_word' id='word_1_63' title='bbox 68 1183 116 1246; x_wconf 88' lang='lat' dir='ltr'><strong>sit</strong></span> <span class='ocrx_word' id='word_1_64' title='bbox 132 1178 377 1254; x_wconf 71' lang='lat' dir='ltr'><strong>conferendum</strong></span> <span class='ocrx_word' id='word_1_65' title='bbox 401 1179 496 1264; x_wconf 89' lang='lat' dir='ltr'><strong>idque</strong></span> <span class='ocrx_word' id='word_1_66' title='bbox 511 1201 550 1242; x_wconf 91' lang='lat' dir='ltr'><strong>ne</strong></span> <span class='ocrx_word' id='word_1_67' title='bbox 574 1180 709 1256; x_wconf 89' lang='lat' dir='ltr'><strong>eveniat,</strong></span> <span class='ocrx_word' id='word_1_68' title='bbox 734 1180 836 1243; x_wconf 90' lang='lat' dir='ltr'><strong>multo</strong></span> <span class='ocrx_word' id='word_1_69' title='bbox 860 1192 933 1244; x_wconf 90' lang='lat' dir='ltr'><strong>ante</strong></span> <span class='ocrx_word' id='word_1_70' title='bbox 958 1184 1016 1246; x_wconf 89' lang='lat' dir='ltr'><strong>erit</strong></span> 
     </span>
     <span class='ocr_line' id='line_1_11' title="bbox 69 1263 1016 1353; baseline 0.001 -22"><span class='ocrx_word' id='word_1_71' title='bbox 69 1264 317 1353; x_wconf 87' lang='lat' dir='ltr'><strong>providendum.</strong></span> <span class='ocrx_word' id='word_1_72' title='bbox 379 1263 436 1328; x_wconf 90' lang='lat' dir='ltr'><strong>Sin</strong></span> <span class='ocrx_word' id='word_1_73' title='bbox 460 1286 541 1349; x_wconf 90' lang='lat' dir='ltr'><strong>quae</strong></span> <span class='ocrx_word' id='word_1_74' title='bbox 567 1265 735 1329; x_wconf 85' lang='lat' dir='ltr'><strong>necessitas</strong></span> <span class='ocrx_word' id='word_1_75' title='bbox 758 1264 854 1351; x_wconf 89' lang='lat' dir='ltr'><strong>hujus</strong></span> <span class='ocrx_word' id='word_1_76' title='bbox 879 1268 1016 1332; x_wconf 87' lang='lat' dir='ltr'><strong>muneris</strong></span> 
     </span>
     <span class='ocr_line' id='line_1_12' title="bbox 70 1348 1015 1437; baseline 0.002 -21"><span class='ocrx_word' id='word_1_77' title='bbox 70 1351 171 1416; x_wconf 86' lang='lat' dir='ltr'><strong>alicui</strong></span> <span class='ocrx_word' id='word_1_78' title='bbox 186 1351 231 1415; x_wconf 89' lang='lat' dir='ltr'><strong>rei</strong></span> <span class='ocrx_word' id='word_1_79' title='bbox 247 1349 390 1437; x_wconf 88' lang='lat' dir='ltr'><strong>publicae</strong></span> <span class='ocrx_word' id='word_1_80' title='bbox 406 1349 578 1426; x_wconf 86' lang='lat' dir='ltr'><strong>obvenerit,</strong></span> <span class='ocrx_word' id='word_1_81' title='bbox 597 1348 709 1436; x_wconf 71' lang='grc' dir='ltr'><strong>(ιηειΙο8</strong></span> <span class='ocrx_word' id='word_1_82' title='bbox 724 1351 817 1428; x_wconf 88' lang='lat' dir='ltr'><strong>enim,</strong></span> <span class='ocrx_word' id='word_1_83' title='bbox 834 1374 929 1437; x_wconf 88' lang='lat' dir='ltr'><strong>quam</strong></span> <span class='ocrx_word' id='word_1_84' title='bbox 944 1376 1015 1422; x_wconf 86' lang='lat' dir='ltr'><strong>nos-</strong></span> 
     </span>
     <span class='ocr_line' id='line_1_13' title="bbox 71 1435 1016 1520; baseline 0.002 -18"><span class='ocrx_word' id='word_1_85' title='bbox 71 1455 152 1516; x_wconf 88' lang='lat' dir='ltr'><strong>trae,</strong></span> <span class='ocrx_word' id='word_1_86' title='bbox 179 1436 331 1511; x_wconf 85' lang='lat' dir='ltr'><strong>ominari3</strong></span> <span class='ocrx_word' id='word_1_87' title='bbox 354 1457 457 1520; x_wconf 89' lang='lat' dir='ltr'><strong>neque</strong></span> <span class='ocrx_word' id='word_1_88' title='bbox 472 1435 590 1499; x_wconf 80' lang='lat' dir='ltr'><strong>tamen⁹</strong></span> <span class='ocrx_word' id='word_1_89' title='bbox 604 1436 641 1500; x_wconf 91' lang='lat' dir='ltr'><strong>de</strong></span> <span class='ocrx_word' id='word_1_90' title='bbox 667 1447 783 1514; x_wconf 91' lang='lat' dir='ltr'><strong>nostra,</strong></span> <span class='ocrx_word' id='word_1_91' title='bbox 808 1439 862 1500; x_wconf 90' lang='lat' dir='ltr'><strong>sed</strong></span> <span class='ocrx_word' id='word_1_92' title='bbox 877 1439 915 1503; x_wconf 91' lang='lat' dir='ltr'><strong>de</strong></span> <span class='ocrx_word' id='word_1_93' title='bbox 931 1441 1016 1504; x_wconf 93' lang='lat' dir='ltr'><strong>omni</strong></span> 
     </span>
     <span class='ocr_line' id='line_1_14' title="bbox 73 1520 1015 1610; baseline 0.001 -22"><span class='ocrx_word' id='word_1_94' title='bbox 73 1548 105 1587; x_wconf 92' lang='lat' dir='ltr'><strong>re</strong></span> <span class='ocrx_word' id='word_1_95' title='bbox 121 1523 253 1610; x_wconf 89' lang='lat' dir='ltr'><strong>publica</strong></span> <span class='ocrx_word' id='word_1_96' title='bbox 268 1522 409 1607; x_wconf 82' lang='lat' dir='ltr'><strong>disputo)</strong></span> <span class='ocrx_word' id='word_1_97' title='bbox 426 1520 527 1585; x_wconf 88' lang='lat' dir='ltr'><strong>danda</strong></span> <span class='ocrx_word' id='word_1_98' title='bbox 542 1521 599 1584; x_wconf 90' lang='lat' dir='ltr'><strong>erit</strong></span> <span class='ocrx_word' id='word_1_99' title='bbox 620 1544 723 1608; x_wconf 86' lang='lat' dir='ltr'><strong>opera,</strong></span> <span class='ocrx_word' id='word_1_100' title='bbox 750 1534 784 1585; x_wconf 91' lang='lat' dir='ltr'><strong>ut</strong></span> <span class='ocrx_word' id='word_1_101' title='bbox 799 1545 907 1587; x_wconf 91' lang='lat' dir='ltr'><strong>omnes</strong></span> <span class='ocrx_word' id='word_1_102' title='bbox 922 1524 1015 1589; x_wconf 90' lang='lat' dir='ltr'><strong>intel-</strong></span> 
     </span>
     <span class='ocr_line' id='line_1_15' title="bbox 72 1606 1013 1697; baseline 0.003 -25"><span class='ocrx_word' id='word_1_103' title='bbox 72 1610 191 1697; x_wconf 88' lang='lat' dir='ltr'><strong>ligant,</strong></span> <span class='ocrx_word' id='word_1_104' title='bbox 217 1608 244 1672; x_wconf 89' lang='lat' dir='ltr'><strong>si</strong></span> <span class='ocrx_word' id='word_1_105' title='bbox 259 1607 338 1671; x_wconf 88' lang='lat' dir='ltr'><strong>salvi</strong></span> <span class='ocrx_word' id='word_1_106' title='bbox 353 1629 421 1670; x_wconf 89' lang='lat' dir='ltr'><strong>esse</strong></span> <span class='ocrx_word' id='word_1_107' title='bbox 436 1607 544 1683; x_wconf 89' lang='lat' dir='ltr'><strong>velint,</strong></span> <span class='ocrx_word' id='word_1_108' title='bbox 558 1606 737 1671; x_wconf 84' lang='lat' dir='ltr'><strong>necessitati</strong></span> <span class='ocrx_word' id='word_1_109' title='bbox 749 1630 815 1671; x_wconf 89' lang='lat' dir='ltr'><strong>esse</strong></span> <span class='ocrx_word' id='word_1_110' title='bbox 830 1610 1013 1692; x_wconf 87' lang='lat' dir='ltr'><strong>parendum.</strong></span> 
     </span>
     <span class='ocr_line' id='line_1_16' title="bbox 77 1693 1013 1781; baseline 0 -22"><span class='ocrx_word' id='word_1_111' title='bbox 77 1700 189 1781; x_wconf 88' lang='lat' dir='ltr'><strong>Atque</strong></span> <span class='ocrx_word' id='word_1_112' title='bbox 203 1694 299 1758; x_wconf 92' lang='lat' dir='ltr'><strong>etiam</strong></span> <span class='ocrx_word' id='word_1_113' title='bbox 314 1715 432 1769; x_wconf 86' lang='lat' dir='ltr'><strong>omnes,</strong></span> <span class='ocrx_word' id='word_1_114' title='bbox 457 1693 591 1778; x_wconf 90' lang='lat' dir='ltr'><strong>quirem</strong></span> <span class='ocrx_word' id='word_1_115' title='bbox 606 1693 764 1778; x_wconf 89' lang='lat' dir='ltr'><strong>publicam</strong></span> <span class='ocrx_word' id='word_1_116' title='bbox 779 1693 1013 1781; x_wconf 86' lang='lat' dir='ltr'><strong>gubernabunt,</strong></span> 
     </span>
     <span class='ocr_line' id='line_1_17' title="bbox 73 1779 1014 1865; baseline 0.001 -20"><span class='ocrx_word' id='word_1_117' title='bbox 73 1781 242 1845; x_wconf 88' lang='lat' dir='ltr'><strong>consulere</strong></span> <span class='ocrx_word' id='word_1_118' title='bbox 257 1779 427 1856; x_wconf 88' lang='lat' dir='ltr'><strong>debebunt,</strong></span> <span class='ocrx_word' id='word_1_119' title='bbox 453 1791 489 1842; x_wconf 93' lang='lat' dir='ltr'><strong>ut</strong></span> <span class='ocrx_word' id='word_1_120' title='bbox 509 1801 615 1842; x_wconf 90' lang='lat' dir='ltr'><strong>earum</strong></span> <span class='ocrx_word' id='word_1_121' title='bbox 639 1802 742 1842; x_wconf 90' lang='lat' dir='ltr'><strong>rerum</strong></span> <span class='ocrx_word' id='word_1_122' title='bbox 758 1779 849 1865; x_wconf 89' lang='lat' dir='ltr'><strong>copia</strong></span> <span class='ocrx_word' id='word_1_123' title='bbox 863 1780 915 1856; x_wconf 92' lang='lat' dir='ltr'><strong>sit,</strong></span> <span class='ocrx_word' id='word_1_124' title='bbox 932 1803 1014 1865; x_wconf 86' lang='lat' dir='ltr'><strong>quae</strong></span> 
     </span>
     <span class='ocr_line' id='line_1_18' title="bbox 18 1863 1014 1954; baseline 0.002 -24"><span class='ocrx_word' id='word_1_125' title='bbox 18 1943 23 1954; x_wconf 25' lang='grc' dir='ltr'><strong><em>ι</em></strong></span> <span class='ocrx_word' id='word_1_126' title='bbox 74 1880 150 1932; x_wconf 89' lang='lat' dir='ltr'><strong>sunt</strong></span> <span class='ocrx_word' id='word_1_127' title='bbox 177 1865 381 1930; x_wconf 88' lang='lat' dir='ltr'><strong>necessariae.</strong></span> <span class='ocrx_word' id='word_1_128' title='bbox 438 1863 583 1938; x_wconf 83' lang='lat' dir='ltr'><strong>Quarum</strong></span> <span class='ocrx_word' id='word_1_129' title='bbox 605 1865 706 1950; x_wconf 89' lang='lat' dir='ltr'><strong>qualis</strong></span> <span class='ocrx_word' id='word_1_130' title='bbox 732 1866 923 1951; x_wconf 88' lang='lat' dir='ltr'><strong>comparatio</strong></span> <span class='ocrx_word' id='word_1_131' title='bbox 946 1867 1014 1932; x_wconf 90' lang='lat' dir='ltr'><strong>fieri</strong></span> 
     </span>
     <span class='ocr_line' id='line_1_19' title="bbox 74 1950 1015 2037; baseline 0.001 -21"><span class='ocrx_word' id='word_1_132' title='bbox 74 1954 177 2018; x_wconf 83' lang='lat' dir='ltr'><strong>soleat</strong></span> <span class='ocrx_word' id='word_1_133' title='bbox 192 1964 224 2016; x_wconf 93' lang='lat' dir='ltr'><strong>et</strong></span> <span class='ocrx_word' id='word_1_134' title='bbox 238 1950 360 2028; x_wconf 89' lang='lat' dir='ltr'><strong>debeat,</strong></span> <span class='ocrx_word' id='word_1_135' title='bbox 385 1972 449 2012; x_wconf 91' lang='lat' dir='ltr'><strong>non</strong></span> <span class='ocrx_word' id='word_1_136' title='bbox 464 1961 512 2014; x_wconf 90' lang='lat' dir='ltr'><strong>est</strong></span> <span class='ocrx_word' id='word_1_137' title='bbox 526 1973 653 2014; x_wconf 87' lang='lat' dir='ltr'><strong>necesse</strong></span> <span class='ocrx_word' id='word_1_138' title='bbox 665 1951 843 2037; x_wconf 84' lang='lat' dir='ltr'><strong>disputare3</strong></span> <span class='ocrx_word' id='word_1_139' title='bbox 867 1964 915 2016; x_wconf 92' lang='lat' dir='ltr'><strong>est</strong></span> <span class='ocrx_word' id='word_1_140' title='bbox 931 1954 1015 2017; x_wconf 92' lang='lat' dir='ltr'><strong>enim</strong></span> 
     </span>
     <span class='ocr_line' id='line_1_20' title="bbox 73 2035 1014 2125; baseline 0.002 -22"><span class='ocrx_word' id='word_1_141' title='bbox 73 2041 105 2103; x_wconf 91' lang='lat' dir='ltr'><strong>in</strong></span> <span class='ocrx_word' id='word_1_142' title='bbox 122 2053 273 2125; x_wconf 88' lang='lat' dir='ltr'><strong>promtu:</strong></span> <span class='ocrx_word' id='word_1_143' title='bbox 295 2047 418 2100; x_wconf 87' lang='lat' dir='ltr'><strong>tantum</strong></span> <span class='ocrx_word' id='word_1_144' title='bbox 435 2035 522 2098; x_wconf 87' lang='lat' dir='ltr'><strong>loeus</strong></span> <span class='ocrx_word' id='word_1_145' title='bbox 542 2036 744 2122; x_wconf 88' lang='lat' dir='ltr'><strong>attingendus</strong></span> <span class='ocrx_word' id='word_1_146' title='bbox 759 2037 830 2101; x_wconf 85' lang='lat' dir='ltr'><strong>fuit.</strong></span> <span class='ocrx_word' id='word_1_147' title='bbox 875 2041 927 2106; x_wconf 79' lang='lat'><strong>75.</strong></span> <span class='ocrx_word' id='word_1_148' title='bbox 951 2041 1014 2105; x_wconf 87' lang='lat' dir='ltr'><strong>Ca-</strong></span> 
     </span>
     <span class='ocr_line' id='line_1_21' title="bbox 75 2121 1014 2210; baseline 0.002 -22"><span class='ocrx_word' id='word_1_149' title='bbox 75 2125 159 2210; x_wconf 83' lang='lat' dir='ltr'><strong>put¹⁰</strong></span> <span class='ocrx_word' id='word_1_150' title='bbox 174 2133 281 2188; x_wconf 90' lang='lat' dir='ltr'><strong>autem</strong></span> <span class='ocrx_word' id='word_1_151' title='bbox 297 2121 391 2185; x_wconf 89' lang='lat' dir='ltr'><strong>estin</strong></span> <span class='ocrx_word' id='word_1_152' title='bbox 407 2121 492 2184; x_wconf 92' lang='lat' dir='ltr'><strong>omni</strong></span> <span class='ocrx_word' id='word_1_153' title='bbox 507 2122 726 2207; x_wconf 84' lang='lat' dir='ltr'><strong>procuratione</strong></span> <span class='ocrx_word' id='word_1_154' title='bbox 749 2124 870 2210; x_wconf 86' lang='lat' dir='ltr'><strong>negotii</strong></span> <span class='ocrx_word' id='word_1_155' title='bbox 893 2137 925 2189; x_wconf 92' lang='lat' dir='ltr'><strong>et</strong></span> <span class='ocrx_word' id='word_1_156' title='bbox 944 2148 1014 2190; x_wconf 90' lang='lat' dir='ltr'><strong>mu-</strong></span> 
     </span>
     <span class='ocr_line' id='line_1_22' title="bbox 75 2207 1012 2295; baseline 0.001 -21"><span class='ocrx_word' id='word_1_157' title='bbox 75 2211 159 2274; x_wconf 85' lang='lat' dir='ltr'><strong>neris</strong></span> <span class='ocrx_word' id='word_1_158' title='bbox 182 2207 311 2295; x_wconf 90' lang='lat' dir='ltr'><strong>publici,</strong></span> <span class='ocrx_word' id='word_1_159' title='bbox 337 2220 372 2270; x_wconf 94' lang='lat' dir='ltr'><strong>ut</strong></span> <span class='ocrx_word' id='word_1_160' title='bbox 391 2207 538 2271; x_wconf 90' lang='lat' dir='ltr'><strong>avaritiae</strong></span> <span class='ocrx_word' id='word_1_161' title='bbox 553 2207 688 2293; x_wconf 88' lang='lat' dir='ltr'><strong>pellatur</strong></span> <span class='ocrx_word' id='word_1_162' title='bbox 704 2207 798 2273; x_wconf 90' lang='lat' dir='ltr'><strong>etiam</strong></span> <span class='ocrx_word' id='word_1_163' title='bbox 817 2211 946 2275; x_wconf 89' lang='lat' dir='ltr'><strong>minima</strong></span> <span class='ocrx_word' id='word_1_164' title='bbox 961 2234 1012 2275; x_wconf 92' lang='lat' dir='ltr'><strong>su-</strong></span> 
     </span>
     <span class='ocr_line' id='line_1_23' title="bbox 75 2293 993 2382; baseline 0.001 -23"><span class='ocrx_word' id='word_1_165' title='bbox 75 2297 186 2382; x_wconf 86' lang='lat' dir='ltr'><strong>spicio.</strong></span> <span class='ocrx_word' id='word_1_166' title='bbox 241 2295 382 2370; x_wconf 85' lang='lat' dir='ltr'><strong>Utinom,</strong></span> <span class='ocrx_word' id='word_1_167' title='bbox 408 2293 512 2377; x_wconf 90' lang='lat' dir='ltr'><strong>inquit</strong></span> <span class='ocrx_word' id='word_1_168' title='bbox 526 2294 565 2357; x_wconf 91' lang='lat' dir='ltr'><strong>C.</strong></span> <span class='ocrx_word' id='word_1_169' title='bbox 583 2294 718 2358; x_wconf 89' lang='lat' dir='ltr'><strong>Pontius</strong></span> <span class='ocrx_word' id='word_1_170' title='bbox 737 2295 873 2372; x_wconf 87' lang='lat' dir='ltr'><strong>Samnis,</strong></span> <span class='ocrx_word' id='word_1_171' title='bbox 897 2301 941 2360; x_wconf 82' lang='lat' dir='ltr'><strong>od</strong></span> <span class='ocrx_word' id='word_1_172' title='bbox 954 2299 993 2360; x_wconf 84' lang='lat' dir='ltr'><strong>ill</strong></span> 
     </span>
    </p>

    <p class='ocr_par' dir='ltr' id='par_1_3' title="bbox 76 2382 1010 2466">
     <span class='ocr_line' id='line_1_24' title="bbox 76 2382 1010 2466; baseline 0.001 -20"><span class='ocrx_word' id='word_1_173' title='bbox 76 2395 218 2466; x_wconf 84' lang='lat' dir='ltr'><strong>temporo</strong></span> <span class='ocrx_word' id='word_1_174' title='bbox 232 2382 424 2458; x_wconf 77' lang='lat' dir='ltr'><strong>mefhrtano</strong></span> <span class='ocrx_word' id='word_1_175' title='bbox 435 2384 666 2455; x_wconf 74' lang='lat' dir='ltr'><strong>reservavisset,</strong></span> <span class='ocrx_word' id='word_1_176' title='bbox 682 2390 788 2445; x_wconf 79' lang='lat' dir='ltr'><strong>ettam</strong></span> <span class='ocrx_word' id='word_1_177' title='bbox 800 2404 895 2446; x_wconf 79' lang='lat' dir='ltr'><strong>essem</strong></span> <span class='ocrx_word' id='word_1_178' title='bbox 905 2393 1010 2461; x_wconf 62' lang='lat' dir='ltr'><strong>notua</strong></span> 
     </span>
    </p>

    <p class='ocr_par' dir='ltr' id='par_1_4' title="bbox 75 2467 1012 2812">
     <span class='ocr_line' id='line_1_25' title="bbox 75 2467 1012 2552; baseline 0 -20"><span class='ocrx_word' id='word_1_179' title='bbox 75 2473 105 2532; x_wconf 81' lang='lat' dir='ltr'><strong>si</strong></span> <span class='ocrx_word' id='word_1_180' title='bbox 119 2469 246 2552; x_wconf 80' lang='lat' dir='ltr'><strong>qnando</strong></span> <span class='ocrx_word' id='word_1_181' title='bbox 262 2467 404 2528; x_wconf 84' lang='lat' dir='ltr'><strong>Romani</strong></span> <span class='ocrx_word' id='word_1_182' title='bbox 418 2468 501 2528; x_wconf 84' lang='lat' dir='ltr'><strong>dono</strong></span> <span class='ocrx_word' id='word_1_183' title='bbox 516 2470 658 2546; x_wconf 83' lang='lat' dir='ltr'><strong>accipere</strong></span> <span class='ocrx_word' id='word_1_184' title='bbox 673 2469 873 2548; x_wconf 79' lang='lat' dir='ltr'><strong>coepissentl</strong></span> <span class='ocrx_word' id='word_1_185' title='bbox 888 2491 949 2532; x_wconf 84' lang='lat' dir='ltr'><strong>non</strong></span> <span class='ocrx_word' id='word_1_186' title='bbox 965 2491 1012 2532; x_wconf 77' lang='lat' dir='ltr'><strong>ea-</strong></span> 
     </span>
     <span class='ocr_line' id='line_1_26' title="bbox 77 2549 1012 2636; baseline 0 -18"><span class='ocrx_word' id='word_1_187' title='bbox 77 2573 273 2636; x_wconf 73' lang='lat' dir='ltr'><strong>eompassus</strong></span> <span class='ocrx_word' id='word_1_188' title='bbox 288 2549 430 2614; x_wconf 79' lang='lat' dir='ltr'><strong>diutius¹¹</strong></span> <span class='ocrx_word' id='word_1_189' title='bbox 453 2573 505 2614; x_wconf 78' lang='lat' dir='ltr'><strong>eoo</strong></span> <span class='ocrx_word' id='word_1_190' title='bbox 529 2554 696 2634; x_wconf 83' lang='lat' dir='ltr'><strong>imperare.</strong></span> <span class='ocrx_word' id='word_1_191' title='bbox 743 2552 813 2616; x_wconf 87' lang='lat' dir='ltr'><strong>Nae</strong></span> <span class='ocrx_word' id='word_1_192' title='bbox 838 2552 886 2617; x_wconf 93' lang='lat' dir='ltr'><strong>illi</strong></span> <span class='ocrx_word' id='word_1_193' title='bbox 912 2555 1012 2619; x_wconf 87' lang='lat' dir='ltr'><strong>multa</strong></span> 
     </span>
     <span class='ocr_line' id='line_1_27' title="bbox 78 2634 1012 2722; baseline 0.002 -20"><span class='ocrx_word' id='word_1_194' title='bbox 78 2639 203 2703; x_wconf 89' lang='lat' dir='ltr'><strong>saecula</strong></span> <span class='ocrx_word' id='word_1_195' title='bbox 217 2635 426 2722; x_wconf 86' lang='lat' dir='ltr'><strong>exspectanda</strong></span> <span class='ocrx_word' id='word_1_196' title='bbox 436 2636 581 2701; x_wconf 88' lang='lat' dir='ltr'><strong>fuerunt:</strong></span> <span class='ocrx_word' id='word_1_197' title='bbox 598 2634 691 2699; x_wconf 90' lang='lat' dir='ltr'><strong>modo</strong></span> <span class='ocrx_word' id='word_1_198' title='bbox 706 2637 789 2700; x_wconf 91' lang='lat' dir='ltr'><strong>enim</strong></span> <span class='ocrx_word' id='word_1_199' title='bbox 800 2638 861 2703; x_wconf 88' lang='lat' dir='ltr'><strong>hoe</strong></span> <span class='ocrx_word' id='word_1_200' title='bbox 873 2640 1012 2704; x_wconf 79' lang='lat' dir='ltr'><strong>malum¹²</strong></span> 
     </span>
     <span class='ocr_line' id='line_1_28' title="bbox 79 2720 1012 2812; baseline 0.003 -24"><span class='ocrx_word' id='word_1_201' title='bbox 79 2726 111 2787; x_wconf 95' lang='lat' dir='ltr'><strong>in</strong></span> <span class='ocrx_word' id='word_1_202' title='bbox 125 2724 206 2788; x_wconf 88' lang='lat' dir='ltr'><strong>hanc</strong></span> <span class='ocrx_word' id='word_1_203' title='bbox 221 2745 288 2786; x_wconf 90' lang='lat' dir='ltr'><strong>rem</strong></span> <span class='ocrx_word' id='word_1_204' title='bbox 307 2720 466 2807; x_wconf 89' lang='lat' dir='ltr'><strong>publicam</strong></span> <span class='ocrx_word' id='word_1_205' title='bbox 480 2720 607 2786; x_wconf 89' lang='lat' dir='ltr'><strong>invasit.</strong></span> <span class='ocrx_word' id='word_1_206' title='bbox 654 2723 767 2807; x_wconf 87' lang='lat' dir='ltr'><strong>ltaque</strong></span> <span class='ocrx_word' id='word_1_207' title='bbox 782 2724 897 2788; x_wconf 83' lang='lat' dir='ltr'><strong>facile¹³</strong></span> <span class='ocrx_word' id='word_1_208' title='bbox 911 2727 1012 2812; x_wconf 89' lang='lat' dir='ltr'><strong>patior</strong></span> 
     </span>
    </p>

    <p class='ocr_par' dir='ltr' id='par_1_5' title="bbox 81 2806 1010 2895">
     <span class='ocr_line' id='line_1_29' title="bbox 81 2806 1010 2895; baseline 0.001 -21"><span class='ocrx_word' id='word_1_209' title='bbox 81 2827 146 2874; x_wconf 88' lang='lat' dir='ltr'><strong>tum</strong></span> <span class='ocrx_word' id='word_1_210' title='bbox 157 2809 263 2895; x_wconf 89' lang='lat' dir='ltr'><strong>potius</strong></span> <span class='ocrx_word' id='word_1_211' title='bbox 277 2807 428 2872; x_wconf 92' lang='lat' dir='ltr'><strong>Pontium</strong></span> <span class='ocrx_word' id='word_1_212' title='bbox 440 2806 545 2883; x_wconf 81' lang='lat' dir='ltr'><strong>fuisse,</strong></span> <span class='ocrx_word' id='word_1_213' title='bbox 570 2809 596 2871; x_wconf 91' lang='lat' dir='ltr'><strong>si</strong></span> <span class='ocrx_word' id='word_1_214' title='bbox 616 2808 743 2893; x_wconf 91' lang='lat' dir='ltr'><strong>quidem</strong></span> <span class='ocrx_word' id='word_1_215' title='bbox 764 2809 797 2872; x_wconf 93' lang='lat' dir='ltr'><strong>in</strong></span> <span class='ocrx_word' id='word_1_216' title='bbox 816 2809 873 2874; x_wconf 92' lang='lat' dir='ltr'><strong>illo</strong></span> <span class='ocrx_word' id='word_1_217' title='bbox 887 2822 1010 2876; x_wconf 88' lang='lat' dir='ltr'><strong>tantum</strong></span> 
     </span>
    </p>

    <p class='ocr_par' dir='ltr' id='par_1_6' title="bbox 80 2892 1007 2976">
     <span class='ocr_line' id='line_1_30' title="bbox 80 2892 1007 2976; baseline 0 -16"><span class='ocrx_word' id='word_1_218' title='bbox 80 2897 138 2960; x_wconf 87' lang='lat' dir='ltr'><strong>fuit</strong></span> <span class='ocrx_word' id='word_1_219' title='bbox 151 2893 304 2960; x_wconf 69' lang='lat' dir='ltr'><strong>roboris&#39;t</strong></span> <span class='ocrx_word' id='word_1_220' title='bbox 351 2892 504 2956; x_wconf 90' lang='lat' dir='ltr'><strong>Nondum</strong></span> <span class='ocrx_word' id='word_1_221' title='bbox 519 2906 646 2958; x_wconf 88' lang='lat' dir='ltr'><strong>centum</strong></span> <span class='ocrx_word' id='word_1_222' title='bbox 662 2908 694 2958; x_wconf 92' lang='lat' dir='ltr'><strong>et</strong></span> <span class='ocrx_word' id='word_1_223' title='bbox 711 2894 820 2959; x_wconf 88' lang='lat' dir='ltr'><strong>decem</strong></span> <span class='ocrx_word' id='word_1_224' title='bbox 835 2897 910 2961; x_wconf 91' lang='lat' dir='ltr'><strong>anni</strong></span> <span class='ocrx_word' id='word_1_225' title='bbox 924 2911 1007 2976; x_wconf 89' lang='lat' dir='ltr'><strong>sunt,</strong></span> 
     </span>
    </p>
   </div>
   <div class='ocr_carea' id='block_1_3' title="bbox 81 3062 1009 3779">
    <p class='ocr_par' dir='ltr' id='par_1_7' title="bbox 81 3062 1009 3779">
     <span class='ocr_line' id='line_1_31' title="bbox 81 3062 1008 3130; baseline -0.008 -15"><span class='ocrx_word' id='word_1_226' title='bbox 81 3066 112 3130; x_wconf 84' lang='lat'><strong>(⁷)</strong></span> <span class='ocrx_word' id='word_1_227' title='bbox 118 3069 175 3114; x_wconf 88' lang='lat' dir='ltr'><strong>Noto</strong></span> <span class='ocrx_word' id='word_1_228' title='bbox 183 3065 300 3126; x_wconf 87' lang='lat' dir='ltr'><strong>duplicem</strong></span> <span class='ocrx_word' id='word_1_229' title='bbox 306 3065 437 3124; x_wconf 80' lang='lat' dir='ltr'><strong>genitivum</strong></span> <span class='ocrx_word' id='word_1_230' title='bbox 446 3079 481 3110; x_wconf 76' lang='lat' dir='ltr'><strong>rr.</strong></span> <span class='ocrx_word' id='word_1_231' title='bbox 492 3064 523 3110; x_wconf 85' lang='lat' dir='ltr'><strong>ud</strong></span> <span class='ocrx_word' id='word_1_232' title='bbox 563 3065 623 3110; x_wconf 87' lang='lat' dir='ltr'><strong>adde</strong></span> <span class='ocrx_word' id='word_1_233' title='bbox 636 3064 728 3109; x_wconf 81' lang='lat' dir='ltr'><strong>Sallust.</strong></span> <span class='ocrx_word' id='word_1_234' title='bbox 742 3065 767 3110; x_wconf 80' lang='lat' dir='ltr'><strong>C.</strong></span> <span class='ocrx_word' id='word_1_235' title='bbox 783 3066 818 3110; x_wconf 87' lang='lat'><strong>19.</strong></span> <span class='ocrx_word' id='word_1_236' title='bbox 831 3073 854 3110; x_wconf 91' lang='lat' dir='ltr'><strong>et</strong></span> <span class='ocrx_word' id='word_1_237' title='bbox 866 3065 904 3114; x_wconf 88' lang='lat'><strong>57.</strong></span> <span class='ocrx_word' id='word_1_238' title='bbox 923 3062 1008 3128; x_wconf 83' lang='lat' dir='ltr'><strong>(¹⁰)cf.</strong></span> 
     </span>
     <span class='ocr_line' id='line_1_32' title="bbox 81 3128 1009 3192; baseline -0.006 -12"><span class='ocrx_word' id='word_1_239' title='bbox 81 3136 96 3180; x_wconf 91' lang='lat' dir='ltr'><strong>i.</strong></span> <span class='ocrx_word' id='word_1_240' title='bbox 107 3135 142 3180; x_wconf 78' lang='lat' dir='ltr'><strong>tc.</strong></span> <span class='ocrx_word' id='word_1_241' title='bbox 153 3133 204 3178; x_wconf 79' lang='lat'><strong>142.</strong></span> <span class='ocrx_word' id='word_1_242' title='bbox 215 3146 262 3191; x_wconf 77' lang='lat' dir='ltr'><strong>apr.</strong></span> <span class='ocrx_word' id='word_1_243' title='bbox 292 3129 324 3192; x_wconf 63' lang='grc' dir='ltr'><strong>(Β)</strong></span> <span class='ocrx_word' id='word_1_244' title='bbox 339 3132 397 3176; x_wconf 87' lang='lat' dir='ltr'><strong>Puta</strong></span> <span class='ocrx_word' id='word_1_245' title='bbox 414 3128 522 3174; x_wconf 80' lang='lat' dir='ltr'><strong>“alicui&#39;&#39;</strong></span> <span class='ocrx_word' id='word_1_246' title='bbox 563 3131 590 3175; x_wconf 85' lang='lat' dir='ltr'><strong>de</strong></span> <span class='ocrx_word' id='word_1_247' title='bbox 602 3130 633 3175; x_wconf 89' lang='lat' dir='ltr'><strong>D.</strong></span> <span class='ocrx_word' id='word_1_248' title='bbox 645 3128 669 3174; x_wconf 89' lang='lat' dir='ltr'><strong>ii.</strong></span> <span class='ocrx_word' id='word_1_249' title='bbox 681 3129 719 3176; x_wconf 82' lang='lat'><strong>57.</strong></span> <span class='ocrx_word' id='word_1_250' title='bbox 735 3128 795 3184; x_wconf 89' lang='lat' dir='ltr'><strong>ll7.,</strong></span> <span class='ocrx_word' id='word_1_251' title='bbox 812 3131 852 3175; x_wconf 90' lang='lat' dir='ltr'><strong>ubi</strong></span> <span class='ocrx_word' id='word_1_252' title='bbox 868 3147 909 3177; x_wconf 85' lang='lat' dir='ltr'><strong>nos</strong></span> <span class='ocrx_word' id='word_1_253' title='bbox 927 3133 1009 3192; x_wconf 63' lang='lat' dir='ltr'><strong>plum</strong></span> 
     </span>
     <span class='ocr_line' id='line_1_33' title="bbox 83 3194 1009 3251; baseline -0.002 -7"><span class='ocrx_word' id='word_1_254' title='bbox 83 3201 166 3244; x_wconf 82' lang='lat' dir='ltr'><strong>dicere:</strong></span> <span class='ocrx_word' id='word_1_255' title='bbox 179 3198 209 3242; x_wconf 83' lang='lat' dir='ltr'><strong>cf.</strong></span> <span class='ocrx_word' id='word_1_256' title='bbox 217 3198 246 3242; x_wconf 86' lang='lat' dir='ltr'><strong>de</strong></span> <span class='ocrx_word' id='word_1_257' title='bbox 254 3196 281 3242; x_wconf 94' lang='lat' dir='ltr'><strong>F.</strong></span> <span class='ocrx_word' id='word_1_258' title='bbox 291 3197 314 3240; x_wconf 88' lang='lat' dir='ltr'><strong>ii.</strong></span> <span class='ocrx_word' id='word_1_259' title='bbox 324 3197 360 3241; x_wconf 87' lang='lat'><strong>19.</strong></span> <span class='ocrx_word' id='word_1_260' title='bbox 372 3195 418 3250; x_wconf 88' lang='grc'>61.,</span> <span class='ocrx_word' id='word_1_261' title='bbox 427 3196 442 3218; x_wconf 89' lang='grc'>“</span> <span class='ocrx_word' id='word_1_262' title='bbox 450 3195 522 3240; x_wconf 85' lang='lat' dir='ltr'><strong>Fece·</strong></span> <span class='ocrx_word' id='word_1_263' title='bbox 563 3195 623 3240; x_wconf 86' lang='lat' dir='ltr'><strong>adde</strong></span> <span class='ocrx_word' id='word_1_264' title='bbox 634 3195 662 3240; x_wconf 86' lang='lat' dir='ltr'><strong>de</strong></span> <span class='ocrx_word' id='word_1_265' title='bbox 676 3194 714 3239; x_wconf 92' lang='lat' dir='ltr'><strong>Or.</strong></span> <span class='ocrx_word' id='word_1_266' title='bbox 722 3194 737 3238; x_wconf 90' lang='lat' dir='ltr'><strong>i.</strong></span> <span class='ocrx_word' id='word_1_267' title='bbox 750 3194 788 3240; x_wconf 85' lang='lat'><strong>³3.</strong></span> <span class='ocrx_word' id='word_1_268' title='bbox 801 3197 861 3251; x_wconf 83' lang='lat'><strong>150,</strong></span> <span class='ocrx_word' id='word_1_269' title='bbox 870 3198 901 3242; x_wconf 84' lang='lat' dir='ltr'><strong>od</strong></span> <span class='ocrx_word' id='word_1_270' title='bbox 908 3197 935 3242; x_wconf 91' lang='lat' dir='ltr'><strong>F.</strong></span> <span class='ocrx_word' id='word_1_271' title='bbox 944 3197 977 3244; x_wconf 87' lang='lat' dir='ltr'><strong>iii.</strong></span> <span class='ocrx_word' id='word_1_272' title='bbox 988 3198 1009 3246; x_wconf 93' lang='lat'><strong>7.</strong></span> 
     </span>
     <span class='ocr_line' id='line_1_34' title="bbox 83 3259 1008 3320; baseline -0.003 -10"><span class='ocrx_word' id='word_1_273' title='bbox 83 3266 118 3318; x_wconf 89' lang='lat' dir='ltr'><strong>rit,</strong></span> <span class='ocrx_word' id='word_1_274' title='bbox 134 3265 151 3309; x_wconf 89' lang='lat' dir='ltr'><strong>si</strong></span> <span class='ocrx_word' id='word_1_275' title='bbox 165 3262 198 3308; x_wconf 87' lang='lat' dir='ltr'><strong>ita</strong></span> <span class='ocrx_word' id='word_1_276' title='bbox 216 3263 258 3316; x_wconf 86' lang='lat' dir='ltr'><strong>vis,</strong></span> <span class='ocrx_word' id='word_1_277' title='bbox 278 3262 409 3320; x_wconf 86' lang='lat' dir='ltr'><strong>Torquatus</strong></span> <span class='ocrx_word' id='word_1_278' title='bbox 427 3268 522 3318; x_wconf 87' lang='lat' dir='ltr'><strong>propter</strong></span> <span class='ocrx_word' id='word_1_279' title='bbox 563 3259 594 3313; x_wconf 85' lang='grc'><strong>4.,</strong></span> <span class='ocrx_word' id='word_1_280' title='bbox 612 3261 640 3304; x_wconf 87' lang='lat' dir='ltr'><strong>de</strong></span> <span class='ocrx_word' id='word_1_281' title='bbox 652 3259 679 3304; x_wconf 92' lang='lat' dir='ltr'><strong>F.</strong></span> <span class='ocrx_word' id='word_1_282' title='bbox 697 3260 726 3304; x_wconf 90' lang='lat' dir='ltr'><strong>iv.</strong></span> <span class='ocrx_word' id='word_1_283' title='bbox 739 3260 760 3304; x_wconf 89' lang='lat'><strong>9.</strong></span> <span class='ocrx_word' id='word_1_284' title='bbox 778 3259 824 3316; x_wconf 68' lang='lat'><strong>23„</strong></span> <span class='ocrx_word' id='word_1_285' title='bbox 836 3262 863 3306; x_wconf 83' lang='lat' dir='ltr'><strong>de</strong></span> <span class='ocrx_word' id='word_1_286' title='bbox 875 3263 905 3308; x_wconf 83' lang='lat' dir='ltr'><strong>A.</strong></span> <span class='ocrx_word' id='word_1_287' title='bbox 921 3263 957 3308; x_wconf 89' lang='grc'><strong>13.</strong></span> <span class='ocrx_word' id='word_1_288' title='bbox 970 3267 1008 3310; x_wconf 74' lang='grc'><strong>45.</strong></span> 
     </span>
     <span class='ocr_line' id='line_1_35' title="bbox 83 3321 1008 3388; baseline -0.006 -13"><span class='ocrx_word' id='word_1_289' title='bbox 83 3343 131 3375; x_wconf 84' lang='lat' dir='ltr'><strong>suas</strong></span> <span class='ocrx_word' id='word_1_290' title='bbox 146 3328 265 3381; x_wconf 87' lang='lat' dir='ltr'><strong>utilitates,</strong></span> <span class='ocrx_word' id='word_1_291' title='bbox 277 3324 345 3386; x_wconf 81' lang='lat' dir='ltr'><strong>(malo</strong></span> <span class='ocrx_word' id='word_1_292' title='bbox 364 3327 423 3371; x_wconf 84' lang='lat' dir='ltr'><strong>enim</strong></span> <span class='ocrx_word' id='word_1_293' title='bbox 438 3325 521 3379; x_wconf 80' lang='lat' dir='ltr'><strong>dicere,</strong></span> <span class='ocrx_word' id='word_1_294' title='bbox 562 3321 604 3385; x_wconf 87' lang='lat'><strong>(¹¹)</strong></span> <span class='ocrx_word' id='word_1_295' title='bbox 615 3324 674 3368; x_wconf 87' lang='lat' dir='ltr'><strong>Vide</strong></span> <span class='ocrx_word' id='word_1_296' title='bbox 683 3325 712 3369; x_wconf 90' lang='lat' dir='ltr'><strong>ad</strong></span> <span class='ocrx_word' id='word_1_297' title='bbox 720 3324 814 3370; x_wconf 79' lang='lat' dir='ltr'><strong>Sallust.</strong></span> <span class='ocrx_word' id='word_1_298' title='bbox 825 3325 850 3372; x_wconf 82' lang='lat' dir='ltr'><strong>C.</strong></span> <span class='ocrx_word' id='word_1_299' title='bbox 861 3327 898 3372; x_wconf 79' lang='lat'><strong>³9.</strong></span> <span class='ocrx_word' id='word_1_300' title='bbox 919 3323 1008 3388; x_wconf 75' lang='lat' dir='ltr'><strong>(¹⁹)Cf.</strong></span> 
     </span>
     <span class='ocr_line' id='line_1_36' title="bbox 84 3386 1009 3454; baseline -0.014 -14"><span class='ocrx_word' id='word_1_301' title='bbox 84 3409 147 3454; x_wconf 82' lang='lat' dir='ltr'><strong>quam</strong></span> <span class='ocrx_word' id='word_1_302' title='bbox 168 3394 319 3451; x_wconf 73' lang='lat' dir='ltr'><strong>voluptates„</strong></span> <span class='ocrx_word' id='word_1_303' title='bbox 328 3386 415 3451; x_wconf 84' lang='lat'><strong>.)—;¹’</strong></span> <span class='ocrx_word' id='word_1_304' title='bbox 434 3389 474 3434; x_wconf 89' lang='lat' dir='ltr'><strong>ubi</strong></span> <span class='ocrx_word' id='word_1_305' title='bbox 492 3389 521 3435; x_wconf 88' lang='lat' dir='ltr'><strong>de</strong></span> <span class='ocrx_word' id='word_1_306' title='bbox 561 3389 654 3434; x_wconf 77' lang='lat' dir='ltr'><strong>Sallust.</strong></span> <span class='ocrx_word' id='word_1_307' title='bbox 668 3389 693 3434; x_wconf 80' lang='lat' dir='ltr'><strong>C.</strong></span> <span class='ocrx_word' id='word_1_308' title='bbox 706 3387 743 3435; x_wconf 85' lang='lat'><strong>37.</strong></span> <span class='ocrx_word' id='word_1_309' title='bbox 755 3398 822 3446; x_wconf 70' lang='lat' dir='ltr'><strong>extr,</strong></span> <span class='ocrx_word' id='word_1_310' title='bbox 835 3392 951 3438; x_wconf 87' lang='lat' dir='ltr'><strong>“ldadeo</strong></span> <span class='ocrx_word' id='word_1_311' title='bbox 961 3409 1009 3440; x_wconf 87' lang='lat' dir='ltr'><strong>ma.</strong></span> 
     </span>
     <span class='ocr_line' id='line_1_37' title="bbox 84 3453 1008 3520; baseline 0 -16"><span class='ocrx_word' id='word_1_312' title='bbox 84 3455 349 3520; x_wconf 81' lang='lat' dir='ltr'><strong>ellipsiirustrndubitat</strong></span> <span class='ocrx_word' id='word_1_313' title='bbox 362 3454 433 3500; x_wconf 84' lang='lat' dir='ltr'><strong>etiarn</strong></span> <span class='ocrx_word' id='word_1_314' title='bbox 452 3454 521 3499; x_wconf 82' lang='lat' dir='ltr'><strong>Mad·</strong></span> <span class='ocrx_word' id='word_1_315' title='bbox 561 3454 607 3500; x_wconf 84' lang='lat' dir='ltr'><strong>lum</strong></span> <span class='ocrx_word' id='word_1_316' title='bbox 618 3453 703 3499; x_wconf 89' lang='lat' dir='ltr'><strong>multos</strong></span> <span class='ocrx_word' id='word_1_317' title='bbox 712 3462 765 3514; x_wconf 92' lang='lat' dir='ltr'><strong>post</strong></span> <span class='ocrx_word' id='word_1_318' title='bbox 773 3470 846 3502; x_wconf 85' lang='lat' dir='ltr'><strong>annos</strong></span> <span class='ocrx_word' id='word_1_319' title='bbox 857 3455 883 3502; x_wconf 89' lang='lat' dir='ltr'><strong>in</strong></span> <span class='ocrx_word' id='word_1_320' title='bbox 892 3457 1008 3504; x_wconf 85' lang='lat' dir='ltr'><strong>civitatem</strong></span> 
     </span>
     <span class='ocr_line' id='line_1_38' title="bbox 86 3517 1009 3583; baseline -0.012 -14"><span class='ocrx_word' id='word_1_321' title='bbox 86 3519 296 3583; x_wconf 78' lang='lat' dir='ltr'><strong>rig.;etadF.iii.</strong></span> <span class='ocrx_word' id='word_1_322' title='bbox 311 3522 346 3565; x_wconf 87' lang='lat'><strong>10.</strong></span> <span class='ocrx_word' id='word_1_323' title='bbox 362 3521 390 3576; x_wconf 91' lang='lat' dir='ltr'><strong>l.,</strong></span> <span class='ocrx_word' id='word_1_324' title='bbox 403 3521 468 3579; x_wconf 87' lang='lat' dir='ltr'><strong>“pro</strong></span> <span class='ocrx_word' id='word_1_325' title='bbox 481 3526 522 3564; x_wconf 86' lang='lat' dir='ltr'><strong>tua</strong></span> <span class='ocrx_word' id='word_1_326' title='bbox 562 3519 712 3564; x_wconf 85' lang='lat' dir='ltr'><strong>reverterat.”</strong></span> <span class='ocrx_word' id='word_1_327' title='bbox 745 3517 789 3581; x_wconf 85' lang='lat'>(¹³)</span> <span class='ocrx_word' id='word_1_328' title='bbox 810 3521 828 3566; x_wconf 90' lang='lat'><strong>1.</strong></span> <span class='ocrx_word' id='word_1_329' title='bbox 840 3535 860 3567; x_wconf 92' lang='lat' dir='ltr'><strong>e.</strong></span> <span class='ocrx_word' id='word_1_330' title='bbox 872 3536 946 3581; x_wconf 83' lang='lat' dir='ltr'><strong>aequo</strong></span> <span class='ocrx_word' id='word_1_331' title='bbox 958 3523 1009 3568; x_wconf 72' lang='lat' dir='ltr'><strong>ani.</strong></span> 
     </span>
     <span class='ocr_line' id='line_1_39' title="bbox 85 3583 1008 3648; baseline -0.004 -13"><span class='ocrx_word' id='word_1_332' title='bbox 85 3589 187 3648; x_wconf 77' lang='lat' dir='ltr'><strong>dignitate</strong></span> <span class='ocrx_word' id='word_1_333' title='bbox 205 3583 342 3647; x_wconf 76' lang='lat' dir='ltr'><strong>(mcloeaim</strong></span> <span class='ocrx_word' id='word_1_334' title='bbox 352 3586 436 3640; x_wconf 84' lang='lat' dir='ltr'><strong>dicere,</strong></span> <span class='ocrx_word' id='word_1_335' title='bbox 452 3597 522 3643; x_wconf 83' lang='lat' dir='ltr'><strong>quarn</strong></span> <span class='ocrx_word' id='word_1_336' title='bbox 563 3596 609 3639; x_wconf 91' lang='lat' dir='ltr'><strong>mo,</strong></span> <span class='ocrx_word' id='word_1_337' title='bbox 625 3583 740 3640; x_wconf 87' lang='lat' dir='ltr'><strong>lubenter,</strong></span> <span class='ocrx_word' id='word_1_338' title='bbox 758 3585 820 3631; x_wconf 82' lang='lat' dir='ltr'><strong>haud</strong></span> <span class='ocrx_word' id='word_1_339' title='bbox 827 3600 911 3644; x_wconf 82' lang='lat' dir='ltr'><strong>aegre:</strong></span> <span class='ocrx_word' id='word_1_340' title='bbox 928 3596 1008 3646; x_wconf 82' lang='lat' dir='ltr'><strong>estque</strong></span> 
     </span>
     <span class='ocr_line' id='line_1_40' title="bbox 87 3646 1008 3714; baseline -0.011 -14"><span class='ocrx_word' id='word_1_341' title='bbox 87 3651 275 3714; x_wconf 83' lang='lat' dir='ltr'><strong>prosalute)—.”</strong></span> <span class='ocrx_word' id='word_1_342' title='bbox 309 3646 343 3711; x_wconf 88' lang='lat'><strong>(⁹)</strong></span> <span class='ocrx_word' id='word_1_343' title='bbox 364 3651 382 3695; x_wconf 91' lang='lat' dir='ltr'><strong>l.</strong></span> <span class='ocrx_word' id='word_1_344' title='bbox 399 3663 419 3695; x_wconf 87' lang='lat' dir='ltr'><strong>e.</strong></span> <span class='ocrx_word' id='word_1_345' title='bbox 440 3663 522 3708; x_wconf 87' lang='lat' dir='ltr'><strong>quam·</strong></span> <span class='ocrx_word' id='word_1_346' title='bbox 562 3647 651 3694; x_wconf 86' lang='lat' dir='ltr'><strong>ironica</strong></span> <span class='ocrx_word' id='word_1_347' title='bbox 661 3651 776 3709; x_wconf 78' lang='lat' dir='ltr'><strong>quaedam</strong></span> <span class='ocrx_word' id='word_1_348' title='bbox 787 3647 895 3711; x_wconf 78' lang='grc' dir='ltr'><strong><em>μείωσις.</em></strong></span> <span class='ocrx_word' id='word_1_349' title='bbox 920 3648 1008 3711; x_wconf 80' lang='lat' dir='ltr'><strong>(¹⁴)cs,</strong></span> 
     </span>
     <span class='ocr_line' id='line_1_41' title="bbox 87 3706 1007 3779; baseline -0.008 -12"><span class='ocrx_word' id='word_1_350' title='bbox 87 3733 147 3779; x_wconf 77' lang='lat' dir='ltr'><strong>quam</strong></span> <span class='ocrx_word' id='word_1_351' title='bbox 156 3713 257 3766; x_wconf 78' lang='lat' dir='ltr'><strong>non-r</strong></span> <span class='ocrx_word' id='word_1_352' title='bbox 270 3714 298 3762; x_wconf 84' lang='lat' dir='ltr'><strong>cs.</strong></span> <span class='ocrx_word' id='word_1_353' title='bbox 307 3718 335 3763; x_wconf 84' lang='lat' dir='ltr'><strong>de</strong></span> <span class='ocrx_word' id='word_1_354' title='bbox 345 3715 372 3762; x_wconf 89' lang='lat' dir='ltr'><strong>F.</strong></span> <span class='ocrx_word' id='word_1_355' title='bbox 381 3714 414 3760; x_wconf 88' lang='lat' dir='ltr'><strong>iii.</strong></span> <span class='ocrx_word' id='word_1_356' title='bbox 423 3714 460 3760; x_wconf 76' lang='lat'><strong>22.</strong></span> <span class='ocrx_word' id='word_1_357' title='bbox 472 3712 520 3767; x_wconf 65' lang='lat' dir='ltr'><strong>ri,</strong></span> <span class='ocrx_word' id='word_1_358' title='bbox 562 3713 577 3758; x_wconf 92' lang='lat' dir='ltr'><strong>i.</strong></span> <span class='ocrx_word' id='word_1_359' title='bbox 591 3706 613 3760; x_wconf 72' lang='grc'><strong>5.</strong></span> <span class='ocrx_word' id='word_1_360' title='bbox 628 3714 665 3761; x_wconf 81' lang='grc'><strong>14.</strong></span> <span class='ocrx_word' id='word_1_361' title='bbox 676 3729 731 3776; x_wconf 78' lang='lat' dir='ltr'><strong>spr..</strong></span> <span class='ocrx_word' id='word_1_362' title='bbox 744 3717 758 3740; x_wconf 91' lang='grc'>“</span> <span class='ocrx_word' id='word_1_363' title='bbox 767 3715 851 3762; x_wconf 80' lang='lat' dir='ltr'><strong>animi.</strong></span> <span class='ocrx_word' id='word_1_364' title='bbox 860 3715 939 3762; x_wconf 81' lang='lat' dir='ltr'><strong>‚robur</strong></span> <span class='ocrx_word' id='word_1_365' title='bbox 946 3733 955 3769; x_wconf 91' lang='grc'><strong>,·</strong></span> <span class='ocrx_word' id='word_1_366' title='bbox 971 3717 1007 3764; x_wconf 83' lang='lat' dir='ltr'><strong>it&#39;r.</strong></span> 
     </span>
    </p>
   </div>
   <div class='ocr_carea' id='block_1_4' title="bbox 0 0 1255 4478">
    <p class='ocr_par' dir='ltr' id='par_1_8' title="bbox 0 0 1255 4478">
     <span class='ocr_line' id='line_1_42' title="bbox 0 0 1255 4478; baseline 0 0"><span class='ocrx_word' id='word_1_367' title='bbox 0 0 1255 4478; x_wconf 95' lang='lat' dir='ltr'><strong> </strong></span> 
     </span>
    </p>
   </div>
  </div>
 </body>
</html>
