<?xml version="1.0" encoding="UTF-8"?>
<!DOCTYPE html PUBLIC "-//W3C//DTD XHTML 1.0 Transitional//EN"
    "http://www.w3.org/TR/xhtml1/DTD/xhtml1-transitional.dtd">
<html xmlns="http://www.w3.org/1999/xhtml" xml:lang="en" lang="en">
 <head>
  <title>
</title>
<meta http-equiv="Content-Type" content="text/html;charset=utf-8" />
  <meta name='ocr-system' content='tesseract 3.04.00' />
  <meta name='ocr-capabilities' content='ocr_page ocr_carea ocr_par ocr_line ocrx_word'/>
</head>
<body>
  <div class='ocr_page' id='page_1' title='image "./deofficiislibri00allegoog_0047.png"; bbox 0 0 2472 4432; ppageno 0'>
   <div class='ocr_carea' id='block_1_1' title="bbox 286 371 885 436">
    <p class='ocr_par' dir='ltr' id='par_1_1' title="bbox 286 371 885 436">
     <span class='ocr_line' id='line_1_1' title="bbox 286 371 885 436; baseline 0 0"><span class='ocrx_word' id='word_1_1' title='bbox 286 375 324 436; x_wconf 76' lang='lat'><strong>80</strong></span> <span class='ocrx_word' id='word_1_2' title='bbox 624 373 682 434; x_wconf 87' lang='lat' dir='ltr'><strong>DE</strong></span> <span class='ocrx_word' id='word_1_3' title='bbox 704 371 885 436; x_wconf 72' lang='lat' dir='ltr'><strong>oaaictts</strong></span> 
     </span>
    </p>
   </div>
   <div class='ocr_carea' id='block_1_2' title="bbox 284 529 1171 3282">
    <p class='ocr_par' dir='ltr' id='par_1_2' title="bbox 287 529 1171 2337">
     <span class='ocr_line' id='line_1_2' title="bbox 288 529 1170 634; baseline -0.007 -30"><span class='ocrx_word' id='word_1_4' title='bbox 288 538 403 614; x_wconf 86' lang='lat' dir='ltr'><strong>animo,</strong></span> <span class='ocrx_word' id='word_1_5' title='bbox 421 543 456 600; x_wconf 90' lang='lat' dir='ltr'><strong>ut</strong></span> <span class='ocrx_word' id='word_1_6' title='bbox 479 533 662 634; x_wconf 80' lang='lat' dir='ltr'><strong>supradixi,</strong></span> <span class='ocrx_word' id='word_1_7' title='bbox 679 549 728 600; x_wconf 83' lang='lat' dir='ltr'><strong>res</strong></span> <span class='ocrx_word' id='word_1_8' title='bbox 791 554 840 600; x_wconf 88' lang='lat' dir='ltr'><strong>ras</strong></span> <span class='ocrx_word' id='word_1_9' title='bbox 861 551 993 622; x_wconf 85' lang='lat' dir='ltr'><strong>magnas</strong></span> <span class='ocrx_word' id='word_1_10' title='bbox 1008 529 1086 599; x_wconf 87' lang='lat' dir='ltr'><strong>illas</strong></span> <span class='ocrx_word' id='word_1_11' title='bbox 1104 535 1170 620; x_wconf 89' lang='lat' dir='ltr'><strong>qui</strong></span> 
     </span>
     <span class='ocr_line' id='line_1_3' title="bbox 287 619 1171 706; baseline -0.006 -18"><span class='ocrx_word' id='word_1_12' title='bbox 287 635 320 688; x_wconf 90' lang='lat' dir='ltr'><strong>et</strong></span> <span class='ocrx_word' id='word_1_13' title='bbox 332 621 466 688; x_wconf 80' lang='lat' dir='ltr'><strong>maxime</strong></span> <span class='ocrx_word' id='word_1_14' title='bbox 478 619 580 697; x_wconf 77' lang='lat' dir='ltr'><strong>utiles,</strong></span> <span class='ocrx_word' id='word_1_15' title='bbox 594 620 649 684; x_wconf 79' lang='lat' dir='ltr'><strong>sed</strong></span> <span class='ocrx_word' id='word_1_16' title='bbox 663 620 708 685; x_wconf 65' lang='lat' dir='ltr'><strong>et2</strong></span> <span class='ocrx_word' id='word_1_17' title='bbox 717 643 755 685; x_wconf 87' lang='lat' dir='ltr'><strong>ve</strong></span> <span class='ocrx_word' id='word_1_18' title='bbox 779 631 917 686; x_wconf 85' lang='lat' dir='ltr'><strong>emanter</strong></span> <span class='ocrx_word' id='word_1_19' title='bbox 926 621 1038 685; x_wconf 81' lang='lat' dir='ltr'><strong>arduas</strong></span> <span class='ocrx_word' id='word_1_20' title='bbox 1050 620 1171 706; x_wconf 76' lang='lat' dir='ltr'><strong>plenas</strong></span> 
     </span>
     <span class='ocr_line' id='line_1_4' title="bbox 289 705 1171 792; baseline -0.007 -18"><span class='ocrx_word' id='word_1_21' title='bbox 289 705 1171 792; x_wconf 67' lang='lat' dir='ltr'><strong>laborumetperieulorumenutritae,tammultarumrer</strong></span> 
     </span>
     <span class='ocr_line' id='line_1_5' title="bbox 287 789 1171 880; baseline -0.005 -22"><span class='ocrx_word' id='word_1_22' title='bbox 287 789 369 880; x_wconf 84' lang='lat' dir='ltr'><strong>q&#39;uae</strong></span> <span class='ocrx_word' id='word_1_23' title='bbox 384 792 423 856; x_wconf 91' lang='lat' dir='ltr'><strong>ad</strong></span> <span class='ocrx_word' id='word_1_24' title='bbox 439 792 535 856; x_wconf 84' lang='lat' dir='ltr'><strong>vitam</strong></span> <span class='ocrx_word' id='word_1_25' title='bbox 550 792 719 877; x_wconf 76' lang='lat' dir='ltr'><strong>pertinent.</strong></span> <span class='ocrx_word' id='word_1_26' title='bbox 755 794 809 860; x_wconf 83' lang='grc'><strong>61.</strong></span> <span class='ocrx_word' id='word_1_27' title='bbox 832 793 954 857; x_wconf 83' lang='lat' dir='ltr'><strong>Harum</strong></span> <span class='ocrx_word' id='word_1_28' title='bbox 973 813 1084 856; x_wconf 87' lang='lat' dir='ltr'><strong>rerum</strong></span> <span class='ocrx_word' id='word_1_29' title='bbox 1097 792 1171 855; x_wconf 85' lang='lat' dir='ltr'><strong>dua</strong></span> 
     </span>
     <span class='ocr_line' id='line_1_6' title="bbox 288 875 1171 967; baseline -0.006 -21"><span class='ocrx_word' id='word_1_30' title='bbox 288 877 435 967; x_wconf 88' lang='lat' dir='ltr'><strong>splendor</strong></span> <span class='ocrx_word' id='word_1_31' title='bbox 442 875 542 942; x_wconf 87' lang='lat' dir='ltr'><strong>omnis</strong></span> <span class='ocrx_word' id='word_1_32' title='bbox 557 877 601 942; x_wconf 85' lang='lat' dir='ltr'><strong>et³</strong></span> <span class='ocrx_word' id='word_1_33' title='bbox 615 878 798 965; x_wconf 81' lang='lat' dir='ltr'><strong>amplitudo,</strong></span> <span class='ocrx_word' id='word_1_34' title='bbox 816 878 910 943; x_wconf 85' lang='lat' dir='ltr'><strong>addo⁴</strong></span> <span class='ocrx_word' id='word_1_35' title='bbox 921 877 1016 943; x_wconf 87' lang='lat' dir='ltr'><strong>etiam</strong></span> <span class='ocrx_word' id='word_1_36' title='bbox 1039 878 1171 942; x_wconf 87' lang='lat' dir='ltr'><strong>utilitat</strong></span> 
     </span>
     <span class='ocr_line' id='line_1_7' title="bbox 288 963 1171 1050; baseline -0.005 -20"><span class='ocrx_word' id='word_1_37' title='bbox 288 968 320 1030; x_wconf 90' lang='lat' dir='ltr'><strong>in</strong></span> <span class='ocrx_word' id='word_1_38' title='bbox 331 963 500 1050; x_wconf 87' lang='lat' dir='ltr'><strong>posteriore</strong></span> <span class='ocrx_word' id='word_1_39' title='bbox 511 974 573 1028; x_wconf 86' lang='lat' dir='ltr'><strong>est:</strong></span> <span class='ocrx_word' id='word_1_40' title='bbox 596 976 805 1029; x_wconf 76' lang='lat' dir='ltr'><strong>nauseantem</strong></span> <span class='ocrx_word' id='word_1_41' title='bbox 816 964 1171 1049; x_wconf 81' lang='lat' dir='ltr'><strong>etratioeffiaiensmag</strong></span> 
     </span>
     <span class='ocr_line' id='line_1_8' title="bbox 289 1047 1171 1135; baseline -0.003 -20"><span class='ocrx_word' id='word_1_42' title='bbox 289 1052 371 1115; x_wconf 83' lang='lat' dir='ltr'><strong>viros</strong></span> <span class='ocrx_word' id='word_1_43' title='bbox 385 1061 432 1115; x_wconf 86' lang='lat' dir='ltr'><strong>est</strong></span> <span class='ocrx_word' id='word_1_44' title='bbox 453 1050 487 1114; x_wconf 89' lang='lat' dir='ltr'><strong>in</strong></span> <span class='ocrx_word' id='word_1_45' title='bbox 508 1049 631 1135; x_wconf 84' lang='lat' dir='ltr'><strong>priore:</strong></span> <span class='ocrx_word' id='word_1_46' title='bbox 655 1049 687 1113; x_wconf 92' lang='lat' dir='ltr'><strong>in</strong></span> <span class='ocrx_word' id='word_1_47' title='bbox 702 1071 739 1114; x_wconf 92' lang='lat' dir='ltr'><strong>eo</strong></span> <span class='ocrx_word' id='word_1_48' title='bbox 754 1062 802 1114; x_wconf 91' lang='lat' dir='ltr'><strong>est</strong></span> <span class='ocrx_word' id='word_1_49' title='bbox 817 1051 901 1115; x_wconf 89' lang='lat' dir='ltr'><strong>enirn</strong></span> <span class='ocrx_word' id='word_1_50' title='bbox 911 1047 1000 1126; x_wconf 93' lang='lat' dir='ltr'><strong>illud,</strong></span> <span class='ocrx_word' id='word_1_51' title='bbox 1017 1049 1111 1134; x_wconf 85' lang='lat' dir='ltr'><strong>quod</strong></span> <span class='ocrx_word' id='word_1_52' title='bbox 1127 1071 1171 1112; x_wconf 84' lang='lat' dir='ltr'><strong>ex</strong></span> 
     </span>
     <span class='ocr_line' id='line_1_9' title="bbox 289 1135 1166 1202; baseline -0.002 -2"><span class='ocrx_word' id='word_1_53' title='bbox 289 1137 389 1201; x_wconf 83' lang='lat' dir='ltr'><strong>lentes</strong></span> <span class='ocrx_word' id='word_1_54' title='bbox 400 1136 521 1201; x_wconf 86' lang='lat' dir='ltr'><strong>animos</strong></span> <span class='ocrx_word' id='word_1_55' title='bbox 533 1147 564 1200; x_wconf 89' lang='lat' dir='ltr'><strong>et</strong></span> <span class='ocrx_word' id='word_1_56' title='bbox 579 1135 714 1201; x_wconf 88' lang='lat' dir='ltr'><strong>humana</strong></span> <span class='ocrx_word' id='word_1_57' title='bbox 732 1147 967 1202; x_wconf 76' lang='lat' dir='ltr'><strong>contemnentes</strong></span> <span class='ocrx_word' id='word_1_58' title='bbox 981 1135 1071 1200; x_wconf 87' lang='lat' dir='ltr'><strong>facit.</strong></span> <span class='ocrx_word' id='word_1_59' title='bbox 1124 1135 1166 1198; x_wconf 93' lang='lat' dir='ltr'><strong>Id</strong></span> 
     </span>
     <span class='ocr_line' id='line_1_10' title="bbox 290 1221 1171 1308; baseline -0.003 -22"><span class='ocrx_word' id='word_1_60' title='bbox 290 1235 355 1287; x_wconf 88' lang='lat' dir='ltr'><strong>tem</strong></span> <span class='ocrx_word' id='word_1_61' title='bbox 376 1221 479 1308; x_wconf 88' lang='lat' dir='ltr'><strong>ipsum</strong></span> <span class='ocrx_word' id='word_1_62' title='bbox 501 1221 638 1286; x_wconf 84' lang='lat' dir='ltr'><strong>eernitur</strong></span> <span class='ocrx_word' id='word_1_63' title='bbox 658 1221 692 1285; x_wconf 91' lang='lat' dir='ltr'><strong>in</strong></span> <span class='ocrx_word' id='word_1_64' title='bbox 714 1222 847 1300; x_wconf 87' lang='lat' dir='ltr'><strong>duobus,</strong></span> <span class='ocrx_word' id='word_1_65' title='bbox 863 1223 890 1286; x_wconf 90' lang='lat' dir='ltr'><strong>ei</strong></span> <span class='ocrx_word' id='word_1_66' title='bbox 909 1233 941 1286; x_wconf 90' lang='lat' dir='ltr'><strong>et</strong></span> <span class='ocrx_word' id='word_1_67' title='bbox 955 1223 1060 1286; x_wconf 86' lang='lat' dir='ltr'><strong>solum</strong></span> <span class='ocrx_word' id='word_1_68' title='bbox 1084 1221 1129 1298; x_wconf 89' lang='lat' dir='ltr'><strong>id,</strong></span> <span class='ocrx_word' id='word_1_69' title='bbox 1148 1243 1171 1306; x_wconf 95' lang='lat' dir='ltr'><strong>q</strong></span> 
     </span>
     <span class='ocr_line' id='line_1_11' title="bbox 290 1307 1171 1394; baseline -0.003 -22"><span class='ocrx_word' id='word_1_70' title='bbox 290 1307 457 1372; x_wconf 81' lang='lat' dir='ltr'><strong>honestum</strong></span> <span class='ocrx_word' id='word_1_71' title='bbox 471 1307 522 1386; x_wconf 88' lang='lat' dir='ltr'><strong>sit,</strong></span> <span class='ocrx_word' id='word_1_72' title='bbox 540 1307 659 1372; x_wconf 87' lang='lat' dir='ltr'><strong>bonum</strong></span> <span class='ocrx_word' id='word_1_73' title='bbox 670 1308 793 1394; x_wconf 84' lang='lat' dir='ltr'><strong>judiees</strong></span> <span class='ocrx_word' id='word_1_74' title='bbox 801 1320 834 1372; x_wconf 85' lang='lat' dir='ltr'><strong>et</strong></span> <span class='ocrx_word' id='word_1_75' title='bbox 842 1308 882 1372; x_wconf 90' lang='lat' dir='ltr'><strong>ab</strong></span> <span class='ocrx_word' id='word_1_76' title='bbox 893 1309 977 1372; x_wconf 87' lang='lat' dir='ltr'><strong>omni</strong></span> <span class='ocrx_word' id='word_1_77' title='bbox 988 1307 1088 1371; x_wconf 87' lang='lat' dir='ltr'><strong>animi</strong></span> <span class='ocrx_word' id='word_1_78' title='bbox 1105 1329 1171 1392; x_wconf 78' lang='lat' dir='ltr'><strong>par¹</strong></span> 
     </span>
     <span class='ocr_line' id='line_1_12' title="bbox 291 1392 1170 1480; baseline -0.003 -20"><span class='ocrx_word' id='word_1_79' title='bbox 291 1394 417 1460; x_wconf 75' lang='lat' dir='ltr'><strong>batione</strong></span> <span class='ocrx_word' id='word_1_80' title='bbox 438 1393 516 1460; x_wconf 85' lang='lat' dir='ltr'><strong>liber</strong></span> <span class='ocrx_word' id='word_1_81' title='bbox 528 1394 582 1459; x_wconf 87' lang='lat' dir='ltr'><strong>sis.</strong></span> <span class='ocrx_word' id='word_1_82' title='bbox 628 1393 713 1458; x_wconf 90' lang='lat' dir='ltr'><strong>Nam</strong></span> <span class='ocrx_word' id='word_1_83' title='bbox 728 1405 760 1457; x_wconf 90' lang='lat' dir='ltr'><strong>et</strong></span> <span class='ocrx_word' id='word_1_84' title='bbox 774 1415 821 1470; x_wconf 92' lang='lat' dir='ltr'><strong>ea,</strong></span> <span class='ocrx_word' id='word_1_85' title='bbox 838 1413 918 1478; x_wconf 87' lang='lat' dir='ltr'><strong>quae</strong></span> <span class='ocrx_word' id='word_1_86' title='bbox 933 1394 1050 1457; x_wconf 82' lang='lat' dir='ltr'><strong>eximia</strong></span> <span class='ocrx_word' id='word_1_87' title='bbox 1065 1392 1170 1480; x_wconf 89' lang='lat' dir='ltr'><strong>pleris</strong></span> 
     </span>
     <span class='ocr_line' id='line_1_13' title="bbox 291 1473 1171 1582; baseline -0.005 -38"><span class='ocrx_word' id='word_1_88' title='bbox 291 1492 323 1544; x_wconf 88' lang='lat' dir='ltr'><strong>et</strong></span> <span class='ocrx_word' id='word_1_89' title='bbox 335 1473 491 1582; x_wconf 84' lang='lat' dir='ltr'><strong>praeclara</strong></span> <span class='ocrx_word' id='word_1_90' title='bbox 507 1479 660 1557; x_wconf 89' lang='lat' dir='ltr'><strong>videntur,</strong></span> <span class='ocrx_word' id='word_1_91' title='bbox 671 1498 768 1566; x_wconf 83' lang='lat' dir='ltr'><strong>parva</strong></span> <span class='ocrx_word' id='word_1_92' title='bbox 782 1479 894 1543; x_wconf 76' lang='lat' dir='ltr'><strong>ducere</strong></span> <span class='ocrx_word' id='word_1_93' title='bbox 909 1496 1008 1564; x_wconf 88' lang='lat' dir='ltr'><strong>eaque</strong></span> <span class='ocrx_word' id='word_1_94' title='bbox 1023 1480 1152 1543; x_wconf 87' lang='lat' dir='ltr'><strong>ratione</strong></span> <span class='ocrx_word' id='word_1_95' title='bbox 1170 1507 1171 1540; x_wconf 68' lang='lat' dir='ltr'><strong>t</strong></span> 
     </span>
     <span class='ocr_line' id='line_1_14' title="bbox 290 1564 1171 1652; baseline -0.003 -21"><span class='ocrx_word' id='word_1_96' title='bbox 290 1565 346 1631; x_wconf 82' lang='lat' dir='ltr'><strong>bin</strong></span> <span class='ocrx_word' id='word_1_97' title='bbox 355 1564 506 1652; x_wconf 89' lang='lat' dir='ltr'><strong>firmaque</strong></span> <span class='ocrx_word' id='word_1_98' title='bbox 516 1577 714 1630; x_wconf 78' lang='lat' dir='ltr'><strong>contemnere</strong></span> <span class='ocrx_word' id='word_1_99' title='bbox 724 1566 811 1629; x_wconf 83' lang='lat' dir='ltr'><strong>fortia</strong></span> <span class='ocrx_word' id='word_1_100' title='bbox 820 1565 915 1629; x_wconf 90' lang='lat' dir='ltr'><strong>animi</strong></span> <span class='ocrx_word' id='word_1_101' title='bbox 927 1565 1102 1652; x_wconf 83' lang='lat' dir='ltr'><strong>magnique</strong></span> <span class='ocrx_word' id='word_1_102' title='bbox 1112 1564 1171 1628; x_wconf 81' lang='lat' dir='ltr'><strong>du&lt;</strong></span> 
     </span>
     <span class='ocr_line' id='line_1_15' title="bbox 290 1650 1171 1736; baseline -0.002 -20"><span class='ocrx_word' id='word_1_103' title='bbox 290 1651 365 1716; x_wconf 83' lang='lat' dir='ltr'><strong>dum</strong></span> <span class='ocrx_word' id='word_1_104' title='bbox 378 1664 446 1730; x_wconf 62' lang='lat' dir='ltr'><strong>este</strong></span> <span class='ocrx_word' id='word_1_105' title='bbox 469 1663 502 1716; x_wconf 88' lang='lat' dir='ltr'><strong>et</strong></span> <span class='ocrx_word' id='word_1_106' title='bbox 517 1673 564 1729; x_wconf 87' lang='lat' dir='ltr'><strong>ea,</strong></span> <span class='ocrx_word' id='word_1_107' title='bbox 581 1671 662 1736; x_wconf 91' lang='lat' dir='ltr'><strong>quae</strong></span> <span class='ocrx_word' id='word_1_108' title='bbox 683 1650 827 1715; x_wconf 84' lang='lat' dir='ltr'><strong>videntur</strong></span> <span class='ocrx_word' id='word_1_109' title='bbox 841 1651 963 1728; x_wconf 82' lang='lat' dir='ltr'><strong>acerba,</strong></span> <span class='ocrx_word' id='word_1_110' title='bbox 980 1671 1063 1735; x_wconf 89' lang='lat' dir='ltr'><strong>quae</strong></span> <span class='ocrx_word' id='word_1_111' title='bbox 1078 1651 1171 1714; x_wconf 75' lang='lat' dir='ltr'><strong>multa</strong></span> 
     </span>
     <span class='ocr_line' id='line_1_16' title="bbox 291 1736 1171 1821; baseline -0.005 -19"><span class='ocrx_word' id='word_1_112' title='bbox 291 1737 376 1804; x_wconf 83' lang='lat' dir='ltr'><strong>varia</strong></span> <span class='ocrx_word' id='word_1_113' title='bbox 390 1738 423 1802; x_wconf 89' lang='lat' dir='ltr'><strong>in</strong></span> <span class='ocrx_word' id='word_1_114' title='bbox 438 1737 599 1802; x_wconf 88' lang='lat' dir='ltr'><strong>hominum</strong></span> <span class='ocrx_word' id='word_1_115' title='bbox 609 1738 674 1801; x_wconf 89' lang='lat' dir='ltr'><strong>vita</strong></span> <span class='ocrx_word' id='word_1_116' title='bbox 688 1737 876 1821; x_wconf 87' lang='lat' dir='ltr'><strong>fortunaque</strong></span> <span class='ocrx_word' id='word_1_117' title='bbox 888 1748 1062 1813; x_wconf 84' lang='lat' dir='ltr'><strong>versantur,</strong></span> <span class='ocrx_word' id='word_1_118' title='bbox 1074 1736 1122 1800; x_wconf 87' lang='lat' dir='ltr'><strong>ita</strong></span> <span class='ocrx_word' id='word_1_119' title='bbox 1136 1737 1171 1799; x_wconf 72' lang='lat' dir='ltr'><strong>ie}</strong></span> 
     </span>
     <span class='ocr_line' id='line_1_17' title="bbox 290 1819 1160 1908; baseline -0.003 -20"><span class='ocrx_word' id='word_1_120' title='bbox 290 1837 326 1888; x_wconf 92' lang='lat' dir='ltr'><strong>ut</strong></span> <span class='ocrx_word' id='word_1_121' title='bbox 341 1819 446 1888; x_wconf 82' lang='lat' dir='ltr'><strong>nihile</strong></span> <span class='ocrx_word' id='word_1_122' title='bbox 460 1835 543 1886; x_wconf 87' lang='lat' dir='ltr'><strong>statu</strong></span> <span class='ocrx_word' id='word_1_123' title='bbox 559 1833 688 1886; x_wconf 86' lang='lat' dir='ltr'><strong>naturae</strong></span> <span class='ocrx_word' id='word_1_124' title='bbox 703 1821 855 1899; x_wconf 77' lang='lat' dir='ltr'><strong>discedas,</strong></span> <span class='ocrx_word' id='word_1_125' title='bbox 872 1821 951 1885; x_wconf 88' lang='lat' dir='ltr'><strong>nihil</strong></span> <span class='ocrx_word' id='word_1_126' title='bbox 966 1842 985 1885; x_wconf 91' lang='lat' dir='ltr'><strong>a</strong></span> <span class='ocrx_word' id='word_1_127' title='bbox 999 1820 1160 1908; x_wconf 85' lang='lat' dir='ltr'><strong>dignitate</strong></span> 
     </span>
     <span class='ocr_line' id='line_1_18' title="bbox 290 1907 1171 1996; baseline -0.001 -24"><span class='ocrx_word' id='word_1_128' title='bbox 290 1909 415 1996; x_wconf 80' lang='lat' dir='ltr'><strong>pientia,</strong></span> <span class='ocrx_word' id='word_1_129' title='bbox 451 1907 571 1972; x_wconf 79' lang='lat' dir='ltr'><strong>robusti</strong></span> <span class='ocrx_word' id='word_1_130' title='bbox 595 1907 692 1971; x_wconf 90' lang='lat' dir='ltr'><strong>animi</strong></span> <span class='ocrx_word' id='word_1_131' title='bbox 721 1920 770 1972; x_wconf 90' lang='lat' dir='ltr'><strong>est</strong></span> <span class='ocrx_word' id='word_1_132' title='bbox 797 1925 993 1995; x_wconf 85' lang='lat' dir='ltr'><strong>magnaeque</strong></span> <span class='ocrx_word' id='word_1_133' title='bbox 1017 1911 1171 1972; x_wconf 76' lang='lat' dir='ltr'><strong>constant]</strong></span> 
     </span>
     <span class='ocr_line' id='line_1_19' title="bbox 289 1993 1171 2078; baseline -0.003 -19"><span class='ocrx_word' id='word_1_134' title='bbox 289 1997 342 2059; x_wconf 84' lang='grc'><strong>68.</strong></span> <span class='ocrx_word' id='word_1_135' title='bbox 369 1994 443 2058; x_wconf 86' lang='lat' dir='ltr'><strong>Non</strong></span> <span class='ocrx_word' id='word_1_136' title='bbox 471 2004 520 2056; x_wconf 90' lang='lat' dir='ltr'><strong>est</strong></span> <span class='ocrx_word' id='word_1_137' title='bbox 548 2003 653 2056; x_wconf 87' lang='lat' dir='ltr'><strong>autam</strong></span> <span class='ocrx_word' id='word_1_138' title='bbox 681 2005 934 2070; x_wconf 83' lang='lat' dir='ltr'><strong>consentaneum,</strong></span> <span class='ocrx_word' id='word_1_139' title='bbox 965 1993 1021 2078; x_wconf 89' lang='lat' dir='ltr'><strong>qui</strong></span> <span class='ocrx_word' id='word_1_140' title='bbox 1050 2004 1171 2056; x_wconf 76' lang='lat' dir='ltr'><strong>metui</strong></span> 
     </span>
     <span class='ocr_line' id='line_1_20' title="bbox 289 2078 1171 2202; baseline 0 -58"><span class='ocrx_word' id='word_1_141' title='bbox 289 2080 461 2202; x_wconf 80' lang='lat' dir='ltr'><strong>frangatur,</strong></span> <span class='ocrx_word' id='word_1_142' title='bbox 479 2099 551 2142; x_wconf 88' lang='lat' dir='ltr'><strong>eum</strong></span> <span class='ocrx_word' id='word_1_143' title='bbox 572 2078 676 2164; x_wconf 79' lang='lat' dir='ltr'><strong>frangi</strong></span> <span class='ocrx_word' id='word_1_144' title='bbox 697 2078 886 2164; x_wconf 84' lang='lat' dir='ltr'><strong>cupiditate3</strong></span> <span class='ocrx_word' id='word_1_145' title='bbox 910 2101 977 2155; x_wconf 87' lang='lat' dir='ltr'><strong>neo,</strong></span> <span class='ocrx_word' id='word_1_146' title='bbox 995 2078 1050 2164; x_wconf 90' lang='lat' dir='ltr'><strong>qui</strong></span> <span class='ocrx_word' id='word_1_147' title='bbox 1069 2078 1171 2144; x_wconf 88' lang='lat' dir='ltr'><strong>invict</strong></span> 
     </span>
     <span class='ocr_line' id='line_1_21' title="bbox 290 2162 1170 2250; baseline 0 -21"><span class='ocrx_word' id='word_1_148' title='bbox 290 2186 356 2230; x_wconf 84' lang='lat' dir='ltr'><strong>sea</strong></span> <span class='ocrx_word' id='word_1_149' title='bbox 393 2164 499 2229; x_wconf 88' lang='lat' dir='ltr'><strong>labere</strong></span> <span class='ocrx_word' id='word_1_150' title='bbox 521 2162 722 2250; x_wconf 88' lang='lat' dir='ltr'><strong>praestiterit,</strong></span> <span class='ocrx_word' id='word_1_151' title='bbox 751 2163 833 2228; x_wconf 84' lang='lat' dir='ltr'><strong>vinei</strong></span> <span class='ocrx_word' id='word_1_152' title='bbox 846 2187 867 2228; x_wconf 90' lang='lat' dir='ltr'><strong>a</strong></span> <span class='ocrx_word' id='word_1_153' title='bbox 884 2165 1056 2250; x_wconf 86' lang='lat' dir='ltr'><strong>voluptate.</strong></span> <span class='ocrx_word' id='word_1_154' title='bbox 1105 2165 1170 2239; x_wconf 80' lang='lat' dir='ltr'><strong>Qua</strong></span> 
     </span>
     <span class='ocr_line' id='line_1_22' title="bbox 291 2248 1141 2337; baseline 0 -22"><span class='ocrx_word' id='word_1_155' title='bbox 291 2250 398 2315; x_wconf 82' lang='lat' dir='ltr'><strong>obrem</strong></span> <span class='ocrx_word' id='word_1_156' title='bbox 427 2249 560 2315; x_wconf 86' lang='lat' dir='ltr'><strong>ethaeo</strong></span> <span class='ocrx_word' id='word_1_157' title='bbox 591 2248 724 2314; x_wconf 82' lang='lat' dir='ltr'><strong>videnda</strong></span> <span class='ocrx_word' id='word_1_158' title='bbox 755 2260 788 2313; x_wconf 90' lang='lat' dir='ltr'><strong>et</strong></span> <span class='ocrx_word' id='word_1_159' title='bbox 816 2251 967 2336; x_wconf 86' lang='lat' dir='ltr'><strong>pecuniae</strong></span> <span class='ocrx_word' id='word_1_160' title='bbox 989 2250 1141 2337; x_wconf 89' lang='lat' dir='ltr'><strong>fugienda</strong></span> 
     </span>
    </p>

    <p class='ocr_par' dir='ltr' id='par_1_3' title="bbox 284 2334 1170 3282">
     <span class='ocr_line' id='line_1_23' title="bbox 289 2334 1170 2424; baseline 0.001 -24"><span class='ocrx_word' id='word_1_161' title='bbox 289 2336 411 2424; x_wconf 86' lang='lat' dir='ltr'><strong>piditas.</strong></span> <span class='ocrx_word' id='word_1_162' title='bbox 459 2334 550 2400; x_wconf 92' lang='lat' dir='ltr'><strong>Nihil</strong></span> <span class='ocrx_word' id='word_1_163' title='bbox 571 2336 723 2400; x_wconf 84' lang='lat' dir='ltr'><strong>animast</strong></span> <span class='ocrx_word' id='word_1_164' title='bbox 745 2347 809 2400; x_wconf 89' lang='lat' dir='ltr'><strong>tam</strong></span> <span class='ocrx_word' id='word_1_165' title='bbox 830 2334 957 2422; x_wconf 84' lang='lat' dir='ltr'><strong>angusti</strong></span> <span class='ocrx_word' id='word_1_166' title='bbox 979 2335 1074 2399; x_wconf 87' lang='lat' dir='ltr'><strong>animi</strong></span> <span class='ocrx_word' id='word_1_167' title='bbox 1096 2347 1170 2402; x_wconf 76' lang='lat' dir='ltr'><strong>tamt</strong></span> 
     </span>
     <span class='ocr_line' id='line_1_24' title="bbox 291 2414 1170 2510; baseline -0.001 -23"><span class='ocrx_word' id='word_1_168' title='bbox 291 2423 390 2509; x_wconf 91' lang='lat' dir='ltr'><strong>parvi,</strong></span> <span class='ocrx_word' id='word_1_169' title='bbox 407 2443 501 2507; x_wconf 90' lang='lat' dir='ltr'><strong>quam</strong></span> <span class='ocrx_word' id='word_1_170' title='bbox 516 2443 619 2488; x_wconf 88' lang='lat' dir='ltr'><strong>amare</strong></span> <span class='ocrx_word' id='word_1_171' title='bbox 633 2420 777 2500; x_wconf 70' lang='lat' dir='ltr'><strong>divitiasr</strong></span> <span class='ocrx_word' id='word_1_172' title='bbox 800 2414 880 2485; x_wconf 89' lang='lat' dir='ltr'><strong>nihil</strong></span> <span class='ocrx_word' id='word_1_173' title='bbox 902 2420 1064 2485; x_wconf 85' lang='lat' dir='ltr'><strong>honestius</strong></span> <span class='ocrx_word' id='word_1_174' title='bbox 1077 2445 1170 2510; x_wconf 83' lang='lat' dir='ltr'><strong>magn</strong></span> 
     </span>
     <span class='ocr_line' id='line_1_25' title="bbox 293 2507 1170 2594; baseline -0.001 -21"><span class='ocrx_word' id='word_1_175' title='bbox 293 2508 414 2573; x_wconf 78' lang='lat' dir='ltr'><strong>centius</strong></span> <span class='ocrx_word' id='word_1_176' title='bbox 440 2529 487 2582; x_wconf 90' lang='lat' dir='ltr'><strong>ue,</strong></span> <span class='ocrx_word' id='word_1_177' title='bbox 508 2526 606 2594; x_wconf 88' lang='lat' dir='ltr'><strong>quam</strong></span> <span class='ocrx_word' id='word_1_178' title='bbox 627 2508 792 2593; x_wconf 87' lang='lat' dir='ltr'><strong>pecuniam</strong></span> <span class='ocrx_word' id='word_1_179' title='bbox 814 2518 1023 2585; x_wconf 77' lang='lat' dir='ltr'><strong>contemnere,</strong></span> <span class='ocrx_word' id='word_1_180' title='bbox 1040 2507 1065 2570; x_wconf 91' lang='lat' dir='ltr'><strong>si</strong></span> <span class='ocrx_word' id='word_1_181' title='bbox 1087 2508 1170 2572; x_wconf 91' lang='lat' dir='ltr'><strong>nonl</strong></span> 
     </span>
     <span class='ocr_line' id='line_1_26' title="bbox 290 2529 1170 2678; baseline -0.002 -20"><span class='ocrx_word' id='word_1_182' title='bbox 290 2593 373 2669; x_wconf 83' lang='lat' dir='ltr'><strong>beat,</strong></span> <span class='ocrx_word' id='word_1_183' title='bbox 384 2529 549 2672; x_wconf 74' lang='lat' dir='ltr'><strong>siliabeas,</strong></span> <span class='ocrx_word' id='word_1_184' title='bbox 562 2593 603 2658; x_wconf 89' lang='lat' dir='ltr'><strong>ad</strong></span> <span class='ocrx_word' id='word_1_185' title='bbox 613 2592 850 2658; x_wconf 81' lang='lat' dir='ltr'><strong>beneficentiam</strong></span> <span class='ocrx_word' id='word_1_186' title='bbox 860 2592 1139 2678; x_wconf 85' lang='lat' dir='ltr'><strong>liberalitatemque</strong></span> <span class='ocrx_word' id='word_1_187' title='bbox 1149 2617 1170 2659; x_wconf 72' lang='lat' dir='ltr'><strong>o&lt;</strong></span> 
     </span>
     <span class='ocr_line' id='line_1_27' title="bbox 290 2673 1163 2766; baseline 0.001 -24"><span class='ocrx_word' id='word_1_188' title='bbox 290 2680 381 2744; x_wconf 81' lang='lat' dir='ltr'><strong>ferre.</strong></span> <span class='ocrx_word' id='word_1_189' title='bbox 429 2680 578 2746; x_wconf 86' lang='lat' dir='ltr'><strong>Cavenda</strong></span> <span class='ocrx_word' id='word_1_190' title='bbox 592 2690 640 2743; x_wconf 90' lang='lat' dir='ltr'><strong>est</strong></span> <span class='ocrx_word' id='word_1_191' title='bbox 654 2679 749 2744; x_wconf 84' lang='lat' dir='ltr'><strong>etiarn</strong></span> <span class='ocrx_word' id='word_1_192' title='bbox 764 2677 882 2766; x_wconf 86' lang='lat' dir='ltr'><strong>gloriae</strong></span> <span class='ocrx_word' id='word_1_193' title='bbox 896 2673 1061 2765; x_wconf 78' lang='lat' dir='ltr'><strong>cupiditas,</strong></span> <span class='ocrx_word' id='word_1_194' title='bbox 1078 2691 1113 2743; x_wconf 92' lang='lat' dir='ltr'><strong>ut</strong></span> <span class='ocrx_word' id='word_1_195' title='bbox 1128 2699 1163 2743; x_wconf 87' lang='lat' dir='ltr'><strong>su</strong></span> 
     </span>
     <span class='ocr_line' id='line_1_28' title="bbox 291 2703 1170 2864; baseline 0.001 -36"><span class='ocrx_word' id='word_1_196' title='bbox 291 2764 376 2841; x_wconf 73' lang='lat' dir='ltr'><strong>dixit</strong></span> <span class='ocrx_word' id='word_1_197' title='bbox 398 2765 444 2830; x_wconf 88' lang='lat' dir='ltr'><strong>eri</strong></span> <span class='ocrx_word' id='word_1_198' title='bbox 466 2765 492 2829; x_wconf 86' lang='lat' dir='ltr'><strong>it</strong></span> <span class='ocrx_word' id='word_1_199' title='bbox 500 2765 585 2831; x_wconf 86' lang='lat' dir='ltr'><strong>enim</strong></span> <span class='ocrx_word' id='word_1_200' title='bbox 593 2765 779 2842; x_wconf 86' lang='lat' dir='ltr'><strong>libertatem,</strong></span> <span class='ocrx_word' id='word_1_201' title='bbox 792 2781 849 2850; x_wconf 85' lang='lat' dir='ltr'><strong>pro</strong></span> <span class='ocrx_word' id='word_1_202' title='bbox 860 2783 923 2850; x_wconf 87' lang='lat' dir='ltr'><strong>qua</strong></span> <span class='ocrx_word' id='word_1_203' title='bbox 932 2764 1135 2864; x_wconf 83' lang='lat' dir='ltr'><strong>magnanimis</strong></span> <span class='ocrx_word' id='word_1_204' title='bbox 1147 2703 1170 2830; x_wconf 88' lang='lat' dir='ltr'><strong>vl</strong></span> 
     </span>
     <span class='ocr_line' id='line_1_29' title="bbox 284 2785 1170 2940; baseline 0.002 -26"><span class='ocrx_word' id='word_1_205' title='bbox 284 2852 392 2916; x_wconf 62' lang='lat' dir='ltr'><strong>&#39;omnis</strong></span> <span class='ocrx_word' id='word_1_206' title='bbox 406 2785 501 2916; x_wconf 81' lang='lat' dir='ltr'><strong>debet</strong></span> <span class='ocrx_word' id='word_1_207' title='bbox 516 2872 583 2916; x_wconf 88' lang='lat' dir='ltr'><strong>esse</strong></span> <span class='ocrx_word' id='word_1_208' title='bbox 597 2850 768 2914; x_wconf 85' lang='lat' dir='ltr'><strong>contentio.</strong></span> <span class='ocrx_word' id='word_1_209' title='bbox 815 2849 885 2917; x_wconf 87' lang='lat' dir='ltr'><strong>Neo</strong></span> <span class='ocrx_word' id='word_1_210' title='bbox 900 2871 973 2914; x_wconf 86' lang='lat' dir='ltr'><strong>vero</strong></span> <span class='ocrx_word' id='word_1_211' title='bbox 983 2851 1109 2935; x_wconf 79' lang='lat' dir='ltr'><strong>imperia</strong></span> <span class='ocrx_word' id='word_1_212' title='bbox 1123 2873 1170 2940; x_wconf 78' lang='lat' dir='ltr'><strong>ex]</strong></span> 
     </span>
     <span class='ocr_line' id='line_1_30' title="bbox 290 2934 1170 3023; baseline -0.001 -22"><span class='ocrx_word' id='word_1_213' title='bbox 290 2936 392 3014; x_wconf 88' lang='lat' dir='ltr'><strong>tenda,</strong></span> <span class='ocrx_word' id='word_1_214' title='bbox 410 2955 446 3002; x_wconf 83' lang='lat' dir='ltr'><strong>ae</strong></span> <span class='ocrx_word' id='word_1_215' title='bbox 461 2938 566 3023; x_wconf 88' lang='lat' dir='ltr'><strong>potius</strong></span> <span class='ocrx_word' id='word_1_216' title='bbox 579 2946 636 3000; x_wconf 85' lang='lat' dir='ltr'><strong>aut</strong></span> <span class='ocrx_word' id='word_1_217' title='bbox 650 2956 714 3000; x_wconf 88' lang='lat' dir='ltr'><strong>non</strong></span> <span class='ocrx_word' id='word_1_218' title='bbox 724 2935 904 3021; x_wconf 79' lang='lat' dir='ltr'><strong>accipienda</strong></span> <span class='ocrx_word' id='word_1_219' title='bbox 918 2934 1082 3000; x_wconf 75' lang='lat' dir='ltr'><strong>interdum⁶</strong></span> <span class='ocrx_word' id='word_1_220' title='bbox 1096 2951 1149 3002; x_wconf 89' lang='lat' dir='ltr'><strong>aut</strong></span> <span class='ocrx_word' id='word_1_221' title='bbox 1162 2957 1170 3000; x_wconf 77' lang='lat' dir='ltr'><strong>t</strong></span> 
     </span>
     <span class='ocr_line' id='line_1_31' title="bbox 289 3020 1169 3108; baseline 0.002 -23"><span class='ocrx_word' id='word_1_222' title='bbox 289 3023 434 3108; x_wconf 87' lang='lat' dir='ltr'><strong>ponenda</strong></span> <span class='ocrx_word' id='word_1_223' title='bbox 453 3020 711 3108; x_wconf 77' lang='lat' dir='ltr'><strong>nonnumquam⁶.</strong></span> <span class='ocrx_word' id='word_1_224' title='bbox 755 3023 808 3089; x_wconf 87' lang='lat'><strong>69.</strong></span> <span class='ocrx_word' id='word_1_225' title='bbox 828 3021 1011 3086; x_wconf 82' lang='lat' dir='ltr'><strong>Vacandum</strong></span> <span class='ocrx_word' id='word_1_226' title='bbox 1019 3033 1117 3086; x_wconf 90' lang='lat' dir='ltr'><strong>autern</strong></span> <span class='ocrx_word' id='word_1_227' title='bbox 1132 3045 1169 3087; x_wconf 87' lang='lat' dir='ltr'><strong>on</strong></span> 
     </span>
     <span class='ocr_line' id='line_1_32' title="bbox 291 3107 1169 3195; baseline -0.001 -23"><span class='ocrx_word' id='word_1_228' title='bbox 291 3120 339 3172; x_wconf 89' lang='lat' dir='ltr'><strong>est</strong></span> <span class='ocrx_word' id='word_1_229' title='bbox 353 3108 447 3173; x_wconf 88' lang='lat' dir='ltr'><strong>animi</strong></span> <span class='ocrx_word' id='word_1_230' title='bbox 463 3107 708 3195; x_wconf 84' lang='lat' dir='ltr'><strong>perturbatione,</strong></span> <span class='ocrx_word' id='word_1_231' title='bbox 724 3118 792 3171; x_wconf 87' lang='lat' dir='ltr'><strong>tum</strong></span> <span class='ocrx_word' id='word_1_232' title='bbox 811 3107 980 3194; x_wconf 87' lang='lat' dir='ltr'><strong>eupiditate</strong></span> <span class='ocrx_word' id='word_1_233' title='bbox 995 3119 1026 3172; x_wconf 89' lang='lat' dir='ltr'><strong>et</strong></span> <span class='ocrx_word' id='word_1_234' title='bbox 1040 3119 1130 3186; x_wconf 88' lang='lat' dir='ltr'><strong>metu,</strong></span> <span class='ocrx_word' id='word_1_235' title='bbox 1148 3121 1169 3174; x_wconf 82' lang='lat' dir='ltr'><strong>tr</strong></span> 
     </span>
     <span class='ocr_line' id='line_1_33' title="bbox 290 3189 1160 3282; baseline -0.001 -24"><span class='ocrx_word' id='word_1_236' title='bbox 290 3193 384 3258; x_wconf 90' lang='lat' dir='ltr'><strong>etiam</strong></span> <span class='ocrx_word' id='word_1_237' title='bbox 398 3191 594 3282; x_wconf 85' lang='lat' dir='ltr'><strong>aegritudine</strong></span> <span class='ocrx_word' id='word_1_238' title='bbox 609 3203 642 3258; x_wconf 88' lang='lat' dir='ltr'><strong>et</strong></span> <span class='ocrx_word' id='word_1_239' title='bbox 656 3189 818 3281; x_wconf 85' lang='lat' dir='ltr'><strong>voluptate</strong></span> <span class='ocrx_word' id='word_1_240' title='bbox 833 3191 940 3258; x_wconf 68' lang='lat' dir='ltr'><strong>nimia7</strong></span> <span class='ocrx_word' id='word_1_241' title='bbox 955 3205 987 3258; x_wconf 90' lang='lat' dir='ltr'><strong>et</strong></span> <span class='ocrx_word' id='word_1_242' title='bbox 1001 3191 1160 3274; x_wconf 84' lang='lat' dir='ltr'><strong>iracundia,</strong></span> 
     </span>
    </p>
   </div>
   <div class='ocr_carea' id='block_1_3' title="bbox 272 3342 1169 3927">
    <p class='ocr_par' dir='ltr' id='par_1_4' title="bbox 272 3342 1169 3927">
     <span class='ocr_line' id='line_1_34' title="bbox 291 3342 1169 3407; baseline 0.001 -17"><span class='ocrx_word' id='word_1_243' title='bbox 291 3345 339 3400; x_wconf 77' lang='lat' dir='ltr'><strong>tir,</strong></span> <span class='ocrx_word' id='word_1_244' title='bbox 348 3347 375 3391; x_wconf 83' lang='lat' dir='ltr'><strong>de</strong></span> <span class='ocrx_word' id='word_1_245' title='bbox 385 3345 411 3390; x_wconf 81' lang='lat' dir='ltr'><strong>F.</strong></span> <span class='ocrx_word' id='word_1_246' title='bbox 424 3360 444 3390; x_wconf 84' lang='lat' dir='ltr'><strong>v.</strong></span> <span class='ocrx_word' id='word_1_247' title='bbox 454 3345 476 3391; x_wconf 77' lang='grc'><strong>9.</strong></span> <span class='ocrx_word' id='word_1_248' title='bbox 489 3345 527 3391; x_wconf 79' lang='lat'><strong>24.</strong></span> <span class='ocrx_word' id='word_1_249' title='bbox 538 3345 580 3400; x_wconf 78' lang='lat' dir='ltr'><strong>bis,</strong></span> <span class='ocrx_word' id='word_1_250' title='bbox 590 3345 627 3392; x_wconf 87' lang='lat' dir='ltr'><strong>lo.</strong></span> <span class='ocrx_word' id='word_1_251' title='bbox 639 3346 685 3400; x_wconf 75' lang='grc'><strong>36,</strong></span> <span class='ocrx_word' id='word_1_252' title='bbox 700 3345 736 3390; x_wconf 95' lang='grc'><strong>11.</strong></span> <span class='ocrx_word' id='word_1_253' title='bbox 778 3342 799 3393; x_wconf 83' lang='grc'><strong>7.</strong></span> <span class='ocrx_word' id='word_1_254' title='bbox 813 3347 835 3391; x_wconf 85' lang='grc'><strong>5.</strong></span> <span class='ocrx_word' id='word_1_255' title='bbox 852 3345 916 3405; x_wconf 87' lang='lat' dir='ltr'><strong>apud</strong></span> <span class='ocrx_word' id='word_1_256' title='bbox 933 3345 1014 3400; x_wconf 76' lang='lat' dir='ltr'><strong>Heus,</strong></span> <span class='ocrx_word' id='word_1_257' title='bbox 1033 3345 1169 3407; x_wconf 86' lang='lat' dir='ltr'><strong>“Homo..p</strong></span> 
     </span>
     <span class='ocr_line' id='line_1_35' title="bbox 291 3409 1169 3465; baseline 0.003 -11"><span class='ocrx_word' id='word_1_258' title='bbox 291 3411 338 3464; x_wconf 79' lang='lat'><strong>³1,</strong></span> <span class='ocrx_word' id='word_1_259' title='bbox 360 3412 389 3456; x_wconf 83' lang='lat' dir='ltr'><strong>de</strong></span> <span class='ocrx_word' id='word_1_260' title='bbox 410 3411 441 3456; x_wconf 85' lang='lat' dir='ltr'><strong>D.</strong></span> <span class='ocrx_word' id='word_1_261' title='bbox 463 3409 478 3454; x_wconf 89' lang='lat' dir='ltr'><strong>i.</strong></span> <span class='ocrx_word' id='word_1_262' title='bbox 502 3409 540 3455; x_wconf 85' lang='grc'><strong>30.</strong></span> <span class='ocrx_word' id='word_1_263' title='bbox 562 3411 609 3465; x_wconf 79' lang='lat'><strong>62,</strong></span> <span class='ocrx_word' id='word_1_264' title='bbox 625 3412 665 3457; x_wconf 81' lang='lat' dir='ltr'><strong>tl.</strong></span> <span class='ocrx_word' id='word_1_265' title='bbox 684 3411 736 3456; x_wconf 74' lang='lat' dir='ltr'><strong>lla.</strong></span> <span class='ocrx_word' id='word_1_266' title='bbox 776 3410 836 3456; x_wconf 85' lang='lat' dir='ltr'><strong>rima</strong></span> <span class='ocrx_word' id='word_1_267' title='bbox 854 3424 932 3456; x_wconf 87' lang='lat' dir='ltr'><strong>rerum</strong></span> <span class='ocrx_word' id='word_1_268' title='bbox 950 3424 1004 3463; x_wconf 70' lang='lat' dir='ltr'><strong>usur</strong></span> <span class='ocrx_word' id='word_1_269' title='bbox 1022 3411 1076 3456; x_wconf 86' lang='lat' dir='ltr'><strong>addo</strong></span> <span class='ocrx_word' id='word_1_270' title='bbox 1093 3411 1169 3458; x_wconf 79' lang='lat' dir='ltr'><strong>ariani</strong></span> 
     </span>
     <span class='ocr_line' id='line_1_36' title="bbox 292 3471 1168 3536; baseline 0.002 -16"><span class='ocrx_word' id='word_1_271' title='bbox 292 3471 484 3536; x_wconf 70' lang='lat' dir='ltr'><strong>(²)Ciearndem</strong></span> <span class='ocrx_word' id='word_1_272' title='bbox 494 3473 737 3522; x_wconf 68' lang='lat' dir='ltr'><strong>formulamiima.</strong></span> <span class='ocrx_word' id='word_1_273' title='bbox 776 3475 844 3521; x_wconf 78' lang='lat' dir='ltr'><strong>tem.’&#39;</strong></span> <span class='ocrx_word' id='word_1_274' title='bbox 878 3471 1168 3536; x_wconf 76' lang='lat' dir='ltr'><strong>(⁵)l.e.apartelab0riss</strong></span> 
     </span>
     <span class='ocr_line' id='line_1_37' title="bbox 293 3535 1169 3601; baseline 0.003 -16"><span class='ocrx_word' id='word_1_275' title='bbox 293 3541 340 3596; x_wconf 75' lang='lat' dir='ltr'><strong>iia,</strong></span> <span class='ocrx_word' id='word_1_276' title='bbox 351 3541 379 3586; x_wconf 79' lang='lat' dir='ltr'><strong>de</strong></span> <span class='ocrx_word' id='word_1_277' title='bbox 388 3541 414 3586; x_wconf 88' lang='lat' dir='ltr'><strong>F.</strong></span> <span class='ocrx_word' id='word_1_278' title='bbox 426 3540 449 3585; x_wconf 86' lang='lat' dir='ltr'><strong>li.</strong></span> <span class='ocrx_word' id='word_1_279' title='bbox 464 3538 500 3586; x_wconf 86' lang='grc'><strong>17.</strong></span> <span class='ocrx_word' id='word_1_280' title='bbox 512 3542 566 3585; x_wconf 84' lang='lat'><strong>55.:</strong></span> <span class='ocrx_word' id='word_1_281' title='bbox 584 3555 605 3586; x_wconf 85' lang='lat' dir='ltr'><strong>v.</strong></span> <span class='ocrx_word' id='word_1_282' title='bbox 613 3541 692 3586; x_wconf 83' lang='lat' dir='ltr'><strong>Doctr.</strong></span> <span class='ocrx_word' id='word_1_283' title='bbox 702 3553 736 3586; x_wconf 83' lang='lat' dir='ltr'><strong>nr.</strong></span> <span class='ocrx_word' id='word_1_284' title='bbox 775 3539 806 3586; x_wconf 87' lang='lat' dir='ltr'><strong>ad</strong></span> <span class='ocrx_word' id='word_1_285' title='bbox 814 3541 915 3586; x_wconf 85' lang='lat' dir='ltr'><strong>laborem</strong></span> <span class='ocrx_word' id='word_1_286' title='bbox 924 3540 986 3599; x_wconf 88' lang='lat' dir='ltr'><strong>quod</strong></span> <span class='ocrx_word' id='word_1_287' title='bbox 994 3541 1078 3586; x_wconf 83' lang='lat' dir='ltr'><strong>attinet.</strong></span> <span class='ocrx_word' id='word_1_288' title='bbox 1107 3535 1138 3601; x_wconf 83' lang='lat'><strong>(⁶)</strong></span> <span class='ocrx_word' id='word_1_289' title='bbox 1148 3544 1169 3588; x_wconf 78' lang='lat' dir='ltr'><strong>St</strong></span> 
     </span>
     <span class='ocr_line' id='line_1_38' title="bbox 293 3601 1169 3666; baseline -0.001 -13"><span class='ocrx_word' id='word_1_290' title='bbox 293 3606 398 3665; x_wconf 72' lang='lat' dir='ltr'><strong>copulor.</strong></span> <span class='ocrx_word' id='word_1_291' title='bbox 408 3603 434 3650; x_wconf 87' lang='lat' dir='ltr'><strong>li.</strong></span> <span class='ocrx_word' id='word_1_292' title='bbox 447 3605 485 3650; x_wconf 79' lang='lat'><strong>26.</strong></span> <span class='ocrx_word' id='word_1_293' title='bbox 518 3601 551 3666; x_wconf 75' lang='lat'><strong>(³)</strong></span> <span class='ocrx_word' id='word_1_294' title='bbox 564 3605 677 3664; x_wconf 79' lang='lat' dir='ltr'><strong>copulam</strong></span> <span class='ocrx_word' id='word_1_295' title='bbox 693 3605 736 3650; x_wconf 80' lang='lat' dir='ltr'><strong>lta-</strong></span> <span class='ocrx_word' id='word_1_296' title='bbox 776 3603 821 3650; x_wconf 83' lang='lat' dir='ltr'><strong>ista</strong></span> <span class='ocrx_word' id='word_1_297' title='bbox 832 3605 942 3650; x_wconf 83' lang='lat' dir='ltr'><strong>adverbia</strong></span> <span class='ocrx_word' id='word_1_298' title='bbox 950 3607 1060 3652; x_wconf 79' lang='lat' dir='ltr'><strong>interdum</strong></span> <span class='ocrx_word' id='word_1_299' title='bbox 1070 3612 1091 3651; x_wconf 83' lang='lat' dir='ltr'><strong>et</strong></span> <span class='ocrx_word' id='word_1_300' title='bbox 1102 3621 1169 3652; x_wconf 81' lang='lat' dir='ltr'><strong>nonno</strong></span> 
     </span>
     <span class='ocr_line' id='line_1_39' title="bbox 292 3663 1169 3730; baseline 0 -12"><span class='ocrx_word' id='word_1_301' title='bbox 292 3675 332 3718; x_wconf 88' lang='lat' dir='ltr'><strong>bet</strong></span> <span class='ocrx_word' id='word_1_302' title='bbox 349 3663 426 3716; x_wconf 84' lang='lat' dir='ltr'><strong>nullus</strong></span> <span class='ocrx_word' id='word_1_303' title='bbox 442 3685 471 3716; x_wconf 81' lang='lat' dir='ltr'><strong>ex</strong></span> <span class='ocrx_word' id='word_1_304' title='bbox 488 3669 580 3728; x_wconf 80' lang='lat' dir='ltr'><strong>Regiis:</strong></span> <span class='ocrx_word' id='word_1_305' title='bbox 600 3670 679 3729; x_wconf 85' lang='lat' dir='ltr'><strong>itaque</strong></span> <span class='ocrx_word' id='word_1_306' title='bbox 696 3685 736 3716; x_wconf 79' lang='lat' dir='ltr'><strong>aa·</strong></span> <span class='ocrx_word' id='word_1_307' title='bbox 775 3671 947 3730; x_wconf 65' lang='lat' dir='ltr'><strong>qaomopiuor,</strong></span> <span class='ocrx_word' id='word_1_308' title='bbox 955 3670 1115 3730; x_wconf 84' lang='lat' dir='ltr'><strong>quodammodo</strong></span> <span class='ocrx_word' id='word_1_309' title='bbox 1123 3685 1169 3730; x_wconf 81' lang='lat' dir='ltr'><strong>para</strong></span> 
     </span>
     <span class='ocr_line' id='line_1_40' title="bbox 272 3733 1169 3800; baseline -0.001 -17"><span class='ocrx_word' id='word_1_310' title='bbox 272 3791 277 3800; x_wconf 44' lang='grc'><strong>,</strong></span> <span class='ocrx_word' id='word_1_311' title='bbox 292 3738 367 3797; x_wconf 81' lang='lat' dir='ltr'><strong>spicer</strong></span> <span class='ocrx_word' id='word_1_312' title='bbox 374 3736 483 3796; x_wconf 84' lang='lat' dir='ltr'><strong>seriptum</strong></span> <span class='ocrx_word' id='word_1_313' title='bbox 492 3733 562 3782; x_wconf 82' lang='lat' dir='ltr'><strong>luisse</strong></span> <span class='ocrx_word' id='word_1_314' title='bbox 572 3735 614 3794; x_wconf 79' lang='lat' dir='ltr'><strong>apl.</strong></span> <span class='ocrx_word' id='word_1_315' title='bbox 623 3737 736 3796; x_wconf 66' lang='lat' dir='ltr'><strong>omauqua</strong></span> <span class='ocrx_word' id='word_1_316' title='bbox 775 3734 877 3780; x_wconf 78' lang='lat' dir='ltr'><strong>thetica:</strong></span> <span class='ocrx_word' id='word_1_317' title='bbox 895 3734 927 3780; x_wconf 75' lang='lat' dir='ltr'><strong>sic</strong></span> <span class='ocrx_word' id='word_1_318' title='bbox 944 3736 1014 3780; x_wconf 84' lang='lat' dir='ltr'><strong>etiam</strong></span> <span class='ocrx_word' id='word_1_319' title='bbox 1029 3749 1087 3794; x_wconf 79' lang='lat' dir='ltr'><strong>torpe</strong></span> <span class='ocrx_word' id='word_1_320' title='bbox 1101 3737 1126 3782; x_wconf 82' lang='lat' dir='ltr'><strong>ds</strong></span> <span class='ocrx_word' id='word_1_321' title='bbox 1137 3737 1169 3782; x_wconf 82' lang='lat' dir='ltr'><strong>Or.</strong></span> 
     </span>
     <span class='ocr_line' id='line_1_41' title="bbox 292 3795 1168 3862; baseline -0.001 -14"><span class='ocrx_word' id='word_1_322' title='bbox 292 3801 378 3862; x_wconf 84' lang='lat' dir='ltr'><strong>ampl.,·</strong></span> <span class='ocrx_word' id='word_1_323' title='bbox 394 3801 422 3847; x_wconf 86' lang='lat' dir='ltr'><strong>oi.</strong></span> <span class='ocrx_word' id='word_1_324' title='bbox 435 3802 462 3848; x_wconf 83' lang='lat' dir='ltr'><strong>de</strong></span> <span class='ocrx_word' id='word_1_325' title='bbox 471 3802 501 3848; x_wconf 84' lang='lat' dir='ltr'><strong>D.</strong></span> <span class='ocrx_word' id='word_1_326' title='bbox 513 3800 576 3846; x_wconf 73' lang='lat' dir='ltr'><strong>ita.</strong></span> <span class='ocrx_word' id='word_1_327' title='bbox 589 3799 650 3854; x_wconf 90' lang='lat' dir='ltr'><strong>lll.,</strong></span> <span class='ocrx_word' id='word_1_328' title='bbox 659 3801 673 3825; x_wconf 83' lang='lat'><strong>‘⁴</strong></span> <span class='ocrx_word' id='word_1_329' title='bbox 680 3811 737 3846; x_wconf 77' lang='lat' dir='ltr'><strong>eura</strong></span> <span class='ocrx_word' id='word_1_330' title='bbox 777 3799 814 3846; x_wconf 83' lang='grc'><strong>14.</strong></span> <span class='ocrx_word' id='word_1_331' title='bbox 824 3796 862 3845; x_wconf 92' lang='grc'><strong>60.</strong></span> <span class='ocrx_word' id='word_1_332' title='bbox 898 3795 930 3860; x_wconf 83' lang='lat'><strong>(⁷)</strong></span> <span class='ocrx_word' id='word_1_333' title='bbox 944 3799 981 3845; x_wconf 86' lang='lat' dir='ltr'><strong>Sic</strong></span> <span class='ocrx_word' id='word_1_334' title='bbox 999 3799 1052 3846; x_wconf 89' lang='lat' dir='ltr'><strong>Lali.</strong></span> <span class='ocrx_word' id='word_1_335' title='bbox 1065 3799 1136 3859; x_wconf 74' lang='lat' dir='ltr'><strong>elieg.</strong></span> <span class='ocrx_word' id='word_1_336' title='bbox 1152 3815 1168 3847; x_wconf 83' lang='lat' dir='ltr'><strong>ar</strong></span> 
     </span>
     <span class='ocr_line' id='line_1_42' title="bbox 293 3860 1153 3927; baseline 0.001 -15"><span class='ocrx_word' id='word_1_337' title='bbox 293 3866 506 3927; x_wconf 79' lang='lat' dir='ltr'><strong>omniquertudio.”</strong></span> <span class='ocrx_word' id='word_1_338' title='bbox 539 3860 735 3926; x_wconf 61' lang='lat' dir='ltr'><strong>(betunia.</strong></span> <span class='ocrx_word' id='word_1_339' title='bbox 774 3878 816 3924; x_wconf 83' lang='lat' dir='ltr'><strong>pro</strong></span> <span class='ocrx_word' id='word_1_340' title='bbox 837 3865 925 3910; x_wconf 79' lang='lat' dir='ltr'><strong>animi:</strong></span> <span class='ocrx_word' id='word_1_341' title='bbox 951 3864 1153 3913; x_wconf 71' lang='lat' dir='ltr'><strong>etaetatis.</strong></span> 
     </span>
    </p>
   </div>
   <div class='ocr_carea' id='block_1_4' title="bbox 83 4065 609 4396">
    <p class='ocr_par' dir='ltr' id='par_1_5' title="bbox 83 4065 609 4396">
     <span class='ocr_line' id='line_1_43' title="bbox 83 4065 609 4396; baseline 0 0"><span class='ocrx_word' id='word_1_342' title='bbox 83 4065 609 4396; x_wconf 62' lang='lat' dir='ltr'><strong>mm</strong></span> 
     </span>
    </p>
   </div>
   <div class='ocr_carea' id='block_1_5' title="bbox 0 0 1243 4432">
    <p class='ocr_par' dir='ltr' id='par_1_6' title="bbox 0 0 1243 4432">
     <span class='ocr_line' id='line_1_44' title="bbox 0 0 1243 4432; baseline 0 0"><span class='ocrx_word' id='word_1_343' title='bbox 0 0 1243 4432; x_wconf 95' lang='lat' dir='ltr'><strong> </strong></span> 
     </span>
    </p>
   </div>
  </div>
 </body>
</html>
