2472 4432
387 387 466 448 LIB.
488 387 624 458 1.,CAP.
648 385 694 445 16.
972 389 1011 446 23

54 547 109 630 qui
123 545 234 611 multo
248 545 494 633 pluseffernnt⁵,
505 568 599 632 quam
610 547 829 633 acceperunt?
870 546 1008 625 Etenim,

54 634 128 697 siin
143 655 214 711 eoo,
232 655 323 718 quos
338 655 499 718 speramus
521 631 614 697 nobis
635 633 824 733 profuturos,
843 656 905 697 non
922 634 1012 698 dubi-

52 733 156 784 tamus
184 719 298 783 offieia
324 718 482 794 conferre3
506 718 614 803 quales
635 741 668 783 1n
691 740 745 782 eos
767 740 833 783 esse
848 719 1008 796 debemus,

53 805 107 889 qui
117 806 190 890 jam
206 806 434 891 profuerunt?
479 804 575 881 Nam,
599 826 699 890 quum
720 803 782 867 duo
804 828 920 892 genera
934 804 1012 870 libe·

51 890 191 955 ralitatis
207 890 292 968 sint,
309 913 412 953 unum
423 890 516 954 dandi
530 889 685 968 beneficii,
695 890 828 954 alterum
843 891 1010 968 reddendi3

52 975 164 1040 demus
189 999 313 1052 necne,
338 977 373 1038 in
396 989 500 1040 nostra
523 988 678 1062 potestate
701 987 767 1050 est3
791 999 854 1040 non
869 976 1008 1054 reddere,

54 1061 120 1125 viro
135 1062 226 1127 bono
239 1061 410 1138 nonlicet,
424 1062 516 1126 modo
531 1061 562 1125 id
574 1062 674 1126 faeere
691 1061 790 1145 possit
804 1063 870 1126 sine
885 1063 1010 1150 injuria.

53 1152 105 1214 49.
132 1152 366 1235 Acceptorum
391 1159 496 1212 autem
521 1147 746 1211 beneficiorum
772 1160 845 1212 sunt
871 1149 1010 1213 delectus

53 1231 196 1298 habendi
208 1258 217 1310 3
243 1257 311 1298 nec
327 1233 467 1310 dubium,
479 1239 556 1318 quin
566 1233 703 1296 maximo
715 1233 828 1317 cuique
840 1234 1010 1320 plurimum

54 1317 222 1384 debeatur.
257 1320 300 1383 In
310 1341 376 1403 quo
387 1329 492 1383 tamen
501 1319 535 1382 in
543 1318 662 1404 primis,
674 1340 738 1404 qno
749 1321 882 1405 quisque
893 1320 1008 1397 animo,

54 1405 171 1484 studio,
185 1405 425 1482 benevolentia
432 1404 550 1480 feeerit,
565 1403 800 1490 ponderandum
812 1418 871 1470 est.
911 1406 1011 1470 Multi

56 1490 138 1554 enim
161 1493 297 1556 faciunt
319 1490 422 1554 multa
443 1490 619 1554 temeritate
634 1490 780 1576 quadam,
798 1489 865 1554 sine
876 1491 1007 1576 judicio,

56 1577 105 1640 vel
114 1576 291 1642 morbo⁶in
301 1598 412 1640 omnes
420 1575 471 1640 vel
480 1576 1008 1662 repentinoquodam,quasivento‚

56 1661 181 1748 impetu
209 1663 315 1728 animi
338 1661 480 1726 incitati:
503 1683 585 1746 quae
605 1661 759 1726 beneficia
781 1684 880 1746 aeque
896 1684 1011 1750 magna

57 1769 119 1810 non
135 1761 219 1814 sunt
236 1747 397 1825 habenda,
410 1757 506 1832 atque
520 1769 567 1822 ea,
579 1769 661 1834 quae
671 1747 801 1834 judicio,
819 1746 1011 1814 considerate

58 1845 313 1918 constanterque
323 1832 428 1897 delata
439 1843 523 1896 sunt.
551 1832 615 1898 Sed
624 1833 656 1896 in
666 1832 849 1897 collocando
858 1833 1011 1898 beneficio

59 1919 134 1983 etin
154 1919 327 1986 referenda
338 1919 450 2006 gratia,
468 1919 494 1982 si
505 1931 608 1983 cetera
617 1918 704 2005 paria
712 1931 797 1997 sunt,
804 1917 866 1984 hoe
875 1919 1011 1984 maxime

60 2004 155 2070 officii
171 2019 237 2084 est,
255 2016 292 2069 ut
307 2005 441 2090 quisque
455 2004 592 2068 maxime
606 2005 675 2090 opis
689 2005 840 2092 indigeat,
857 2007 902 2070 ita
916 2001 946 2068 ei
954 2028 1010 2092 po-

61 2089 226 2157 tissimum
238 2090 406 2176 opitulari:
429 2089 894 2239 quodoontrafitaplerispue3
917 2114 1010 2178 aquo

62 2177 147 2240 enim
172 2177 352 2266 plurimum
373 2187 509 2261 sperant,
534 2176 628 2240 etiam
650 2176 677 2240 si
699 2176 721 2240 il
735 2200 752 2240 e
766 2175 816 2240 his
844 2199 907 2241 non
923 2189 1007 2265 eget,

63 2273 170 2328 tamen
186 2263 221 2328 ei
236 2261 435 2350 potissimum
450 2262 635 2326 inserviunt.

110 2348 219 2414 XVI.
242 2354 298 2412 50.
326 2347 456 2431 Optime
477 2361 583 2412 antem
605 2347 737 2412 societas
757 2346 921 2412 hominum
937 2371 1010 2414 eon·

63 2433 254 2520 junctioque
276 2433 461 2509 servabitur,
479 2433 517 2510 si,
534 2444 570 2497 ut
591 2434 724 2518 quisque
745 2435 803 2499 erit
818 2434 1012 2520 conjunctis·

67 2518 175 2599 simus,
193 2522 239 2586 ita
253 2521 287 2584 in
308 2541 381 2584 eum
402 2518 608 2605 benignitatis
630 2519 800 2604 plurimum
822 2521 1008 2584 conferetur.

71 2605 144 2683 Sed,
163 2630 247 2693 quae
262 2604 403 2669 naturae¹
420 2604 573 2691 principia
587 2605 650 2668 sint
665 2605 898 2670 communitatis
914 2617 945 2670 et
959 2629 1010 2670 so·

68 2689 191 2758 eietatis
201 2691 362 2756 humanae
370 2689 575 2775 repetendum
585 2689 709 2754 videtur
717 2689 822 2755 altius.
855 2691 916 2755 Est
926 2693 1009 2757 enim

69 2778 215 2859 primum,
241 2775 328 2862 quod
349 2775 486 2839 cernitur
513 2776 546 2839 in
570 2775 708 2839 universi
731 2776 856 2862 generis
878 2775 1009 2843 humani

69 2864 242 2929 societate:
267 2863 336 2947 ejus
362 2873 469 2926 autem
489 2861 647 2926 vinculum
671 2872 718 2925 est
741 2864 819 2926 ratio
838 2873 870 2926 et
889 2864 1007 2940 orati03

70 2968 148 3031 quae
162 2948 320 3022 docendo,
338 2946 494 3024 discendo,
505 2947 774 3025 communicando,
792 2947 1006 3034 disceptando,

67 3032 239 3115 judicando
268 3032 417 3096 conciliat
445 3033 526 3097 inter
551 3054 584 3096 se
612 3033 755 3097 homines
779 3034 1009 3120 conjungitque

70 3121 204 3186 naturali
225 3117 364 3204 quadam
387 3118 548 3182 societate.
604 3118 717 3268 Netpue
741 3118 805 3183 ulla
828 3141 860 3181 re
882 3119 1009 3207 longius

71 3206 219 3272 absumus
234 3228 254 3269 a
269 3215 382 3268 natura
394 3204 541 3280 ferarum,
558 3204 590 3274 in
606 3204 661 3288 qui
685 3227 722 3267 us
736 3205 838 3268 inesse
852 3205 1009 3271 fortitudi-

71 3312 140 3356 nem
151 3315 249 3380 saepe
257 3289 401 3366 dicimus,
412 3301 448 3353 ut
456 3291 489 3352 in
499 3290 598 3375 equis,
611 3292 643 3353 in
656 3289 799 3354 leonibus
811 3313 820 3366 ;
839 3291 1007 3377 justitiam,

72 3501 93 3546 p,
110 3485 187 3548 est),
198 3486 228 3532 de
245 3485 274 3531 L.
285 3481 309 3526 ii.
330 3483 351 3529 2.
364 3485 395 3538 5.,
412 3481 482 3536 Μ),
495 3481 520 3527 ii.
561 3481 632 3528 ditate
640 3482 662 3536 ς’*
679 3483 739 3529 adde
750 3483 780 3529 iv.
795 3482 816 3528 1.
831 3485 867 3529 1.:
885 3486 914 3530 ol.
927 3487 976 3531 stne
984 3485 1008 3546 j.

73 3545 341 3608 57.117.‚deS.7.2³.
375 3544 408 3609 (⁵)
421 3548 440 3594 1.
452 3561 473 3592 e.
485 3547 519 3592 es·
559 3547 597 3594 vel
613 3549 748 3604 modaitio.
760 3565 779 3594 r.
814 3545 848 3610 (⁷)
862 3550 879 3595 1.
892 3565 912 3596 e.
924 3549 1008 3595 horum

72 3616 285 3664 serendoreddunt.
321 3607 355 3674 (⁶)
365 3615 403 3658 Sit
415 3613 482 3659 Grut
497 3618 521 3657 et
560 3625 638 3671 opera.

73 3683 169 3736 Graev.;
188 3681 219 3727 ef.
240 3675 352 3726 in'Verr.
375 3677 390 3722 i.
412 3677 450 3723 36.
472 3677 521 3732 91.,
593 3677 658 3723 xvt.
677 3675 709 3738 (¹)
723 3679 741 3724 1.
757 3693 778 3725 e.
796 3693 857 3737 quae
879 3678 903 3723 in
924 3683 1007 3722 natura

72 3750 86 3772 ⁸⁶
96 3748 152 3794 ille.
160 3752 222 3794 .erat
233 3744 259 3790 in
270 3745 316 3792 hoc
332 3744 409 3789 morto
419 3749 443 3788 et
454 3741 520 3801 cupi-
561 3749 668 3798 exstent;
687 3745 732 3789 vid.
752 3744 857 3808 Rertzon.
878 3743 908 3788 ad
920 3742 1009 3786 Sanctia·
