2472 4432
745 236 751 273 l

274 339 313 396 ro
606 338 665 398 nu
694 310 876 400 urbicus

747 456 754 480 S

275 519 420 584 geramus
434 497 640 564 submissiud.
687 497 857 580 Padaetius
895 501 999 566 uidem
1013 501 1183 566 Africana

275 582 445 662 auditorem
461 594 494 648 et
518 583 699 647 familiarem
724 583 828 662 suum,
852 523 990 666 silitum,
1013 589 1071 664 ait,
1103 587 1183 650 dice

275 679 312 734 at
326 691 420 752 equos
430 681 562 752 propter
573 673 700 736 crebras
715 678 928 737 contentiones
946 676 1158 755 proeliorum
1174 739 1183 754 α

276 758 409 820 recitate
424 757 615 820 resultantes
638 759 842 822 domitoribus
865 760 992 824 tradere
1016 761 1167 836 soleant,

277 845 318 904 lie
323 843 529 923 similioribus
553 847 679 925 possint
693 848 765 916 ati3
787 848 834 909 sic
849 845 986 908 borsines
1000 849 1163 909 secundis
1180 867 1183 908 r

277 930 332 992 bue
341 927 531 1010 effraenatos
539 931 875 1014 sibiquepraep‘idcrttes
886 941 1047 1017 tamquam
1058 934 1094 994 ira
1103 953 1183 1013 ypra

277 1016 414 1078 rationis
437 1024 468 1078 et
491 1017 653 1080 doctrinae
676 1019 749 1080 duci
771 1027 924 1099 oportere,
948 1026 984 1082 ut
993 1021 1183 1102 perspicere

277 1120 382 1164 reram
400 1100 608 1166 taruanorum
622 1104 865 1167 imbecillitatem
878 1106 1135 1188 varietatemque
1148 1103 1183 1184 fr

278 1197 384 1250 tarrae.
437 1190 490 1253 91.
530 1189 636 1271 Atque
665 1188 759 1252 etiam
788 1188 821 1250 in
849 1188 1083 1252 secundissimis
1124 1189 1183 1252 reb

277 1271 413 1336 maxime
425 1284 473 1337 est
487 1273 638 1336 utendum
649 1274 780 1338 consilio
795 1273 976 1350 amicorum,
992 1273 1098 1358 iisque
1116 1273 1183 1360 maj

278 1358 381 1436 etiam,
428 1381 500 1424 uam
515 1370 599 1436 ante,
623 1359 788 1424 tribuenda
806 1360 984 1424 auctoritas.
1032 1359 1183 1446 Iisdemq

277 1381 471 1530 temporibus
502 1445 674 1510 cavendum
698 1457 756 1523 est,
788 1467 828 1508 ne
851 1444 1097 1509 assentatoribus
1130 1455 1183 1531 pal

278 1529 428 1596 faciamus
443 1553 532 1596 aures
547 1554 605 1595 nee
620 1531 738 1596 adulari
753 1553 810 1596 nos
825 1531 995 1595 sinamus³:
1018 1530 1052 1594 in
1068 1553 1139 1617 quo
1155 1533 1183 1596 fa

277 1617 369 1682 facile
391 1629 450 1682 est.
497 1617 593 1682 Tales
621 1619 706 1681 enim
728 1639 785 1681 nos
810 1638 877 1680 esse
903 1627 1062 1702 patema,
1089 1628 1128 1682 ut
1148 1619 1163 1703 j

278 1702 456 1768 laudemur:
480 1726 520 1767 ex
535 1724 598 1787 quo
612 1716 782 1768 nascuntur
807 1702 1046 1768 innumerabilia
1071 1715 1183 1788 peceat

278 1811 376 1873 quum
391 1789 532 1853 homines
546 1788 646 1853 inflati
667 1789 865 1874 opinionibus
890 1789 1022 1874 turpiter
1047 1788 1183 1852 irrident

278 1886 310 1938 et
325 1875 358 1938 in
372 1874 515 1940 maximis
531 1885 693 1939 versantur
708 1875 873 1939 erroribus.
921 1874 983 1938 Sed
998 1873 1076 1938 haee
1086 1875 1183 1959 quide

278 1959 439 2026 haetenus.
485 1963 537 2027 92.
563 1958 647 2023 Illud
662 1961 823 2024 autemsic
834 1973 882 2025 est
891 1960 1109 2046 judicandum,
1127 1983 1183 2024 ma

277 2045 355 2110 imas
370 2047 439 2132 geri
452 2067 501 2109 res
516 2054 548 2108 et
562 2046 691 2110 maximi
704 2046 812 2110 animi⁴
826 2047 865 2110 ab
880 2047 928 2120 iis,
940 2046 995 2130 qui
1010 2068 1059 2109 res
1070 2046 1183 2132 public

278 2141 401 2218 regant,
426 2130 510 2216 quod
524 2152 629 2195 earum
640 2131 868 2197 administratio
887 2132 1036 2197 latissime
1052 2142 1183 2232 pateatr

277 2216 492 2366 plurimosque
506 2217 680 2302 pertineat3
703 2240 770 2282 esse
799 2228 905 2282 autem
928 2217 1036 2304 magni
1059 2219 1157 2282 ammi
1182 2247 1183 2274 r

278 2302 374 2368 fuisse
388 2325 442 2366 mu
457 2314 505 2368 tos
524 2301 621 2368 etiam
645 2304 677 2368 in
702 2304 768 2368 vita
790 2302 900 2382 otiosa,
925 2305 978 2388 qui
1004 2314 1060 2368 aut
1084 2303 1183 2368 invest

278 2400 388 2474 gerent
403 2399 457 2453 aut
467 2399 653 2453 conarentur
661 2412 776 2476 magna
785 2389 937 2474 quaedam
945 2411 1075 2474 seseque
1084 2410 1183 2454 suarm

278 2497 381 2538 rerum
395 2473 511 2539 finibus
526 2475 734 2553 continerent,
758 2488 813 2540 aut
832 2475 1000 2561 interjecti⁵
1014 2475 1098 2540 inter
1110 2474 1183 2561 phil<

279 2560 395 2646 sophos
406 2572 438 2625 et
452 2583 516 2640 eos,
541 2561 595 2646 qui
610 2584 676 2626 rem
713 2561 848 2626 ublieam
871 2559 1134 2639 administrarent,
1160 2561 1183 2624 dr

277 2644 467 2712 laetarentur
492 2670 525 2712 re
548 2669 605 2712 sua
620 2584 772 2725 familiari,
797 2668 860 2711 non
883 2669 952 2711 eam
977 2647 1102 2732 quidem
1128 2669 1183 2712 omr

277 2731 398 2796 ratione
413 2744 640 2821 exaggerantes
655 2755 758 2818 neque
772 2733 973 2798 excludentes
994 2732 1033 2797 ab
1058 2733 1125 2818 ejus
1152 2756 1183 2798 us

278 2838 361 2895 suos,
374 2817 556 2904 potiusqud'
565 2831 596 2883 et
608 2819 716 2883 amicis
727 2819 939 2904 impertientes
954 2831 986 2882 et
1000 2818 1044 2883 rei
1056 2819 1183 2904 publica

278 2903 305 2966 si
320 2904 445 2987 quando
457 2926 531 2968 usus
552 2916 645 2968 esset.
693 2903 784 2979 Quae
799 2904 933 2989 primum
948 2905 1028 2969 bene
1044 2905 1141 2990 parta⁷
1157 2907 1183 2970 si:

278 2989 367 3053 nullo
382 3013 484 3076 neque
499 2990 583 3076 turpi
598 2989 743 3091 quaestu⁸
762 3012 864 3076 neque
886 2989 1012 3066 odi0s03
1036 3001 1102 3054 tum
1116 3013 1184 3076 quar

278 3074 432 3160 plurimis,
467 3075 559 3140 modo
583 3074 615 3139 dr
640 3075 699 3153 nis,
724 3099 757 3140 se
783 3076 894 3140 utilem
914 3077 1078 3162 praebeat:
1100 3076 1183 3142 deind

278 3173 433 3248 augeatur
447 3162 577 3239 ratione,
595 3098 767 3248 diligentia,
785 3162 974 3247 parsimonia
984 3187 992 3238 ;
1016 3184 1072 3226 nec
1085 3163 1183 3228 libidir

278 3246 384 3330 potius
399 3246 615 3334 luxuriaeque,
639 3270 734 3334 quam
748 3248 930 3314 liberalitati
941 3260 973 3313 et
987 3248 1183 3314 beneficentia

279 3331 407 3416 pateat9.
454 3333 543 3398 Haec
559 3334 749 3421 praescripta
760 3347 937 3400 servantem
946 3335 1020 3399 licet
1033 3335 1183 3422 magnifice

281 3479 607 3536 Sallusr‚t'.⁵1.,“1tain
627 3479 730 3526 maxima
769 3478 836 3525 has.'’
870 3473 903 3539 (⁶)
916 3478 976 3523 Vide
987 3491 1029 3523 nos
1044 3475 1117 3522 Doctr.
1133 3476 1183 3536 Capu

279 3543 372 3592 tortum
387 3547 484 3592 minima
495 3546 589 3592 lieentia
599 3547 658 3592 estc*
692 3542 726 3607 (³)
767 3546 809 3590 lar.
821 3543 853 3590 iii.
867 3545 905 3589 56.
913 3550 937 3588 et
947 3543 1031 3588 Matth.
1042 3543 1071 3587 ad
1079 3543 1183 3601 GiaEpiu

281 3611 317 3658 Sc.
330 3627 383 3658 eos:
401 3625 422 3657 v.
436 3612 465 3657 ad
474 3609 495 3657 7.
506 3611 544 3657 23.
555 3625 601 3671 spr.
635 3606 696 3671 (⁴)1.
705 3624 726 3657 e.
768 3611 835 3657 SM.
854 3604 888 3670 (⁷)
896 3609 1006 3666 Nempe“
1015 3608 1072 3653 mele
1078 3615 1137 3666 parta
1144 3607 1183 3652 mal

279 3691 339 3740 quae
351 3677 446 3724 maximi
463 3675 534 3722 animi
555 3676 656 3736 aliquem
674 3689 727 3734 pas·
767 3673 926 3728 dilabuntur‚”
944 3673 1045 3732 Philipp.
1066 3672 1088 3717 ii.
1109 3671 1143 3718 at.
1162 3671 1183 3717 ur

280 3743 363 3790 tulent.
397 3738 430 3804 (ὖ)
443 3740 478 3788 cl.
490 3742 555 3787 Orat.
568 3742 589 3787 6.
602 3740 649 3797 21.,
660 3741 675 3765 “
686 3740 729 3786 Est
768 3736 849 3801 (⁸)Ci.
867 3739 936 3784 aaa.
961 3738 999 3783 ifr.
1033 3733 1065 3798 (⁹)
1082 3737 1113 3782 Cf.
1129 3737 1183 3782 iili

280 3817 360 3856 autem
384 3808 480 3871 quidem
507 3803 640 3867 interjectus
667 3803 728 3853 inter
768 3807 807 3855 5⁵.
824 3804 871 3861 iia,
890 3803 1183 3866 aperire..reecrauda..pa
