2450 4478
369 431 446 490 LIB.
469 430 509 489 ΙΙ.
530 431 623 492 ΟΑΡ.
644 431 690 491 25.
932 435 984 490 109

30 601 192 656 tentatur
206 589 322 654 notitia
336 589 385 654 sui
395 589 532 675 corporis
544 599 576 654 et
590 589 830 654 observatione¹⁴
845 612 985 676 quaeres

33 689 99 742 aut
114 676 269 762 prodesse
280 675 401 740 soleant
412 687 467 740 aut
478 676 597 753 obesse,
611 685 643 738 et
655 675 847 740 continentia
856 679 888 740 in
901 677 986 742 victu

36 763 136 827 omni
163 773 261 848 atque
286 761 384 839 cultu,
402 761 537 847 corporis
559 760 668 826 tuendi
682 781 788 840 causa,
805 773 836 826 et
852 774 987 848 praeter-

37 848 213 913 mittendis
236 847 452 933 voluptatibus
458 871 467 922 ;
495 857 655 934 postremo
671 858 736 911 arte
751 849 892 926 eorum¹⁵‚
910 872 987 935 quo-

40 957 119 998 rum
145 933 187 998 ad
212 934 374 999 scientiam
400 933 478 998 haec
503 932 673 1019 pertinent.
717 933 769 1001 87.
796 935 861 998 Res
882 950 986 1000 autem

41 1019 215 1085 familiaris
230 1019 337 1105 quaeri
352 1019 445 1083 debet
459 1018 497 1083 iis
511 1018 615 1096 rebus,
629 1017 770 1104 aquibus
785 1019 875 1086 abest
890 1023 988 1108 turpi-

43 1105 151 1182 tudo;
176 1105 353 1170 conservari
367 1116 473 1168 autem
483 1104 646 1192 diligentia
656 1115 688 1168 et
699 1106 906 1190 parsimonia3
929 1109 988 1172 eis-

45 1192 126 1255 dem
155 1191 253 1255 etiam
283 1191 374 1255 rebus
403 1191 523 1277 augeri.
581 1190 650 1254 Has
672 1213 721 1254 res
741 1193 988 1258 commodissime

51 1276 243 1362 Xenophon
264 1276 439 1358 Socraticus
454 1274 659 1361 persecutus¹⁶
670 1287 718 1340 est
732 1276 764 1340 in
780 1300 817 1342 eo
833 1279 921 1357 librn,
933 1281 988 1364 qui

53 1362 292 1428 Oeconomicus
313 1361 491 1426 inscribitur
501 1385 510 1437 ;
533 1383 626 1446 quem
649 1383 716 1438 nos,
733 1363 793 1427 ista
810 1365 873 1428 fere
887 1377 988 1431 aetate

51 1470 153 1534 quum
169 1469 319 1525 essemus,
336 1468 399 1532 qua
413 1469 446 1512 es
461 1458 497 1511 tu
510 1470 606 1526 nunc,
619 1471 637 1511 e
652 1447 776 1514 Graeco
790 1449 823 1513 in
836 1450 988 1515 Latinum

51 1535 279 1600 convertimus.

99 1619 226 1684 XXV.
249 1625 303 1683 88.
330 1619 392 1683 Sed
414 1618 587 1684 utilitatum
612 1619 815 1706 comparatio,
842 1623 990 1707 quoniam

55 1706 107 1772 hic
121 1706 213 1770 locus
228 1716 294 1770 erat
303 1717 432 1789 quartus
446 1727 465 1768 a
479 1704 631 1769 Panaetio
641 1705 884 1790 praetermissus,
898 1730 990 1794 saepe

54 1804 102 1856 est
116 1791 305 1857 necessaria.
344 1789 431 1854 Nam
439 1801 471 1854 et
482 1791 620 1875 corporis
631 1791 794 1856 commoda
803 1814 873 1856 curn
888 1806 991 1858 exter-

55 1879 103 1942 nis
118 1890 152 1943 et
167 1887 300 1941 externa
309 1898 380 1940 curn
392 1875 528 1961 corporis
543 1887 576 1940 et
586 1875 654 1962 ipsa
664 1877 745 1942 inter
759 1899 792 1941 se
808 1879 944 1964 corporis
958 1891 990 1945 et

56 1975 189 2028 externa
197 1985 270 2026 cum
281 1961 417 2026 externis
426 1962 598 2047 comparari
609 1963 721 2028 solent.
762 1963 846 2028 Cum
854 1967 990 2032 externis

56 2049 194 2136 corporis
203 2047 266 2112 hoc
275 2048 368 2112 modo
377 2057 609 2133 comparantur3
625 2049 728 2114 valere
739 2050 884 2128 utmalis,
896 2074 991 2137 quam

57 2135 143 2200 dives
169 2156 259 2199 esse:
284 2156 356 2198 cum
381 2133 517 2219 corporis
542 2146 672 2198 externa
694 2135 755 2201 hoc
768 2135 883 2212 modo;
906 2138 992 2204 dives

58 2243 124 2287 esse
135 2219 254 2308 potius,
269 2241 363 2304 quam
373 2219 516 2284 maximis
528 2220 665 2306 corporis
677 2220 814 2286 viribus:
835 2223 903 2308 ipsa
911 2224 993 2290 inter

58 2330 90 2372 se
105 2306 245 2392 corporis
260 2305 325 2381 sio3
351 2317 385 2369 ut
399 2306 483 2370 bona
495 2304 642 2370 valetudo
654 2306 810 2392 voluptati
821 2322 993 2395 antepona-

59 2405 119 2472 tur,
137 2393 219 2456 vires
235 2390 405 2456 celeritati:
429 2401 628 2456 externorum
647 2404 762 2470 autem,
779 2408 816 2458 ut
829 2394 930 2480 gloria
947 2396 993 2460 di·

61 2478 154 2555 ritiis,
168 2476 337 2563 vectigalia
351 2477 472 2542 urbana
486 2477 617 2542 rusticiu.
661 2482 714 2546 89.
741 2478 792 2542 Ex
802 2501 865 2564 quo
879 2503 993 2567 genere

62 2560 301 2650 comparationis
324 2562 403 2626 illud
428 2573 475 2626 est
500 2562 643 2627 Catonis¹
657 2563 740 2628 senis
752 2587 761 2639 ;
784 2587 880 2651 aquo
918 2590 992 2631 uum

61 2661 270 2736 quaereretur,
297 2647 374 2733 quid
395 2647 531 2712 maxime
555 2647 588 2710 in
612 2671 647 2713 re
661 2649 804 2714 familiari
819 2591 990 2737 expediret,

63 2734 233 2822 respondit,
259 2735 347 2799 Bene
367 2755 511 2817 poscere.
559 2733 646 2807 Quid
669 2735 868 2801 secundum?
904 2740 993 2804 Satis

63 2825 284 2904 intepescere.
327 2818 414 2894 Quid
428 2818 583 2884 tertium?
621 2821 714 2886 Male
724 2843 866 2904 pascere.
907 2824 994 2898 Quid

64 2906 234 2992 quartum?
277 2905 396 2970 Arare.
444 2905 487 2968 Et
510 2927 608 2990 quum
630 2905 696 2984 ille,
722 2907 777 2991 qni
805 2909 991 2993 quaesierat,

66 2992 201 3070 dixisset,
212 2990 299 3066 Quid
307 2992 479 3056 foenerari?
496 3000 564 3055 tum
570 2993 664 3069 Cato,
678 2992 768 3071 Quid
775 2995 939 3073 homiaem,
948 2997 994 3060 in-

66 3079 141 3164 quit,
157 3079 322 3142 occidere?
357 3077 408 3140 Ex
423 3098 486 3161 quo
501 3087 533 3142 et
547 3077 656 3142 multis
667 3078 736 3143 aliis
744 3079 880 3168 intelligi
888 3081 992 3161 debet,

67 3164 234 3229 utilitatum
259 3162 505 3248 comparationes
533 3163 633 3228 solere
658 3163 734 3242 fieri,
759 3175 905 3252 recteque
934 3166 994 3234 hoc

67 3249 243 3336 adjunctum
270 3269 337 3313 esse
363 3257 510 3334 quartum
535 3249 796 3334 exquirendorum
822 3252 995 3318 officiorum

69 3427 160 3488 quitus.-
176 3423 205 3470 ct
224 3423 309 3472 Jecur.
330 3424 354 3469 ii.
374 3424 396 3468 4.
414 3423 451 3468 20.
470 3423 510 3468 ubi
549 3423 710 3469 medicorum:
727 3426 757 3470 cl.
769 3427 797 3472 de
807 3427 845 3473 Or.
855 3428 870 3474 i.
878 3429 916 3476 58.
929 3431 993 3485 25⁰,

69 3505 107 3551 pro
117 3492 155 3537 sed
164 3489 252 3535 frutra
268 3491 317 3535 vult
333 3503 425 3549 qaorum
437 3487 509 3548 Wop·
550 3488 616 3547 “ipsi
627 3503 726 3547 quorum
736 3492 855 3550 negotium
868 3495 926 3540 est.”
950 3491 991 3556 (Ιῦ)

70 3554 200 3602 kenainM.
210 3554 312 3600 ΟΜΝ.
325 3568 348 3600 x.
361 3552 399 3599 27.
418 3549 461 3615 (¹³)
474 3554 510 3599 Sc.
550 3552 585 3598 cf.
597 3551 635 3599 ifr.
648 3553 686 3599 2⁵.
700 3555 738 3600 90.
748 3564 815 3613 extr,
827 3558 860 3604 iii.
872 3557 893 3606 7.
906 3560 952 3614 33.,
964 3561 992 3606 de

72 3621 167 3683 alicujus,
178 3633 197 3665 s.
205 3617 320 3664 hominis:
338 3618 423 3678 quippe
431 3617 509 3678 sequi·
548 3617 577 3665 F.
588 3617 604 3662 i.
615 3618 637 3662 4.
653 3619 689 3666 12.
701 3627 767 3676 exta,
779 3623 807 3668 de
818 3623 848 3668 D.
860 3623 876 3669 i.
888 3625 926 3668 24.
939 3625 977 3670 49.

72 3695 105 3732 tur
114 3687 154 3732 sui.
188 3679 232 3746 (¹⁴)
245 3683 281 3730 cf.
293 3684 321 3730 de
334 3685 363 3729 A.
375 3683 398 3728 8.
410 3683 457 3738 27,
472 3697 508 3728 co·
581 3681 655 3728 XXV.
668 3680 702 3746 (¹)
711 3685 745 3732 Cl.
753 3687 875 3734 Columella
886 3688 909 3733 in
921 3687 992 3748 praes.

72 3752 181 3812 nrum.
194 3756 353 3808 quantum-:
368 3762 390 3792 v.
399 3747 429 3793 ad
437 3749 458 3793 6.
470 3747 508 3794 22.
548 3746 564 3792 l.
577 3747 607 3792 ri.
627 3756 651 3795 et
668 3749 729 3797 Plio.
748 3751 811 3798 xviii.
828 3754 849 3797 5.
885 3748 918 3814 (ἲ)
934 3752 992 3798 Vide

73 3829 113 3876 apr.
144 3811 509 3877 (¹⁸)3Notacircumscriptionem
548 3811 580 3858 ed
596 3813 619 3859 3.
635 3815 731 3877 torpe.
759 3812 792 3879 (³)
812 3815 868 3862 Cod.
878 3817 994 3876 Langiiet
