<?xml version="1.0" encoding="UTF-8"?>
<!DOCTYPE html PUBLIC "-//W3C//DTD XHTML 1.0 Transitional//EN"
    "http://www.w3.org/TR/xhtml1/DTD/xhtml1-transitional.dtd">
<html xmlns="http://www.w3.org/1999/xhtml" xml:lang="en" lang="en">
 <head>
  <title>
</title>
<meta http-equiv="Content-Type" content="text/html;charset=utf-8" />
  <meta name='ocr-system' content='tesseract 3.04.00' />
  <meta name='ocr-capabilities' content='ocr_page ocr_carea ocr_par ocr_line ocrx_word'/>
</head>
<body>
  <div class='ocr_page' id='page_1' title='image "./deofficiislibri00allegoog_0088.png"; bbox 0 0 2472 4432; ppageno 0'>
   <div class='ocr_carea' id='block_1_1' title="bbox 359 425 983 486">
    <p class='ocr_par' dir='ltr' id='par_1_1' title="bbox 359 425 983 486">
     <span class='ocr_line' id='line_1_1' title="bbox 359 425 983 486; baseline -0.002 -2"><span class='ocrx_word' id='word_1_1' title='bbox 359 425 436 486; x_wconf 88' lang='lat' dir='ltr'><strong>LIB.</strong></span> <span class='ocrx_word' id='word_1_2' title='bbox 454 425 492 484; x_wconf 86' lang='lat'>11.</span> <span class='ocrx_word' id='word_1_3' title='bbox 514 425 600 486; x_wconf 86' lang='lat' dir='ltr'><strong>CAP.</strong></span> <span class='ocrx_word' id='word_1_4' title='bbox 625 429 651 483; x_wconf 93' lang='lat'>1.</span> <span class='ocrx_word' id='word_1_5' title='bbox 949 429 983 483; x_wconf 90' lang='lat'>71</span> 
     </span>
    </p>
   </div>
   <div class='ocr_carea' id='block_1_2' title="bbox 38 583 1054 3157">
    <p class='ocr_par' dir='ltr' id='par_1_2' title="bbox 38 583 1054 3157">
     <span class='ocr_line' id='line_1_2' title="bbox 38 583 987 670; baseline 0 -22"><span class='ocrx_word' id='word_1_6' title='bbox 38 587 158 662; x_wconf 90' lang='lat' dir='ltr'>mines,</span> <span class='ocrx_word' id='word_1_7' title='bbox 184 583 381 660; x_wconf 80' lang='lat' dir='ltr'>facultatem,</span> <span class='ocrx_word' id='word_1_8' title='bbox 404 583 443 647; x_wconf 91' lang='lat' dir='ltr'>ad</span> <span class='ocrx_word' id='word_1_9' title='bbox 458 606 544 669; x_wconf 77' lang='lat' dir='ltr'>opes„</span> <span class='ocrx_word' id='word_1_10' title='bbox 568 584 607 649; x_wconf 90' lang='lat' dir='ltr'>ad</span> <span class='ocrx_word' id='word_1_11' title='bbox 622 583 738 669; x_wconf 88' lang='lat' dir='ltr'>copias.</span> <span class='ocrx_word' id='word_1_12' title='bbox 787 583 824 647; x_wconf 92' lang='lat' dir='ltr'>In</span> <span class='ocrx_word' id='word_1_13' title='bbox 841 597 987 670; x_wconf 89' lang='lat' dir='ltr'>quotum</span> 
     </span>
     <span class='ocr_line' id='line_1_3' title="bbox 38 669 988 756; baseline 0.001 -23"><span class='ocrx_word' id='word_1_14' title='bbox 38 672 156 756; x_wconf 87' lang='lat' dir='ltr'>quaeri</span> <span class='ocrx_word' id='word_1_15' title='bbox 172 669 252 746; x_wconf 84' lang='lat' dir='ltr'><strong>dixi,</strong></span> <span class='ocrx_word' id='word_1_16' title='bbox 278 669 356 755; x_wconf 92' lang='lat' dir='ltr'>quid</span> <span class='ocrx_word' id='word_1_17' title='bbox 369 669 457 748; x_wconf 88' lang='lat' dir='ltr'>utile,</span> <span class='ocrx_word' id='word_1_18' title='bbox 474 670 550 754; x_wconf 92' lang='lat' dir='ltr'>quid</span> <span class='ocrx_word' id='word_1_19' title='bbox 570 670 701 744; x_wconf 85' lang='lat' dir='ltr'>inutile3</span> <span class='ocrx_word' id='word_1_20' title='bbox 725 681 791 733; x_wconf 90' lang='lat' dir='ltr'>tum</span> <span class='ocrx_word' id='word_1_21' title='bbox 803 693 844 734; x_wconf 87' lang='lat' dir='ltr'>ex</span> <span class='ocrx_word' id='word_1_22' title='bbox 858 671 988 735; x_wconf 90' lang='lat' dir='ltr'>utilibus</span> 
     </span>
     <span class='ocr_line' id='line_1_4' title="bbox 40 755 989 841; baseline 0 -21"><span class='ocrx_word' id='word_1_23' title='bbox 40 758 121 841; x_wconf 92' lang='lat' dir='ltr'>quid</span> <span class='ocrx_word' id='word_1_24' title='bbox 138 756 254 820; x_wconf 89' lang='lat' dir='ltr'>utilius</span> <span class='ocrx_word' id='word_1_25' title='bbox 264 767 319 819; x_wconf 92' lang='lat' dir='ltr'>aut</span> <span class='ocrx_word' id='word_1_26' title='bbox 330 755 405 840; x_wconf 93' lang='lat' dir='ltr'>quid</span> <span class='ocrx_word' id='word_1_27' title='bbox 416 758 551 820; x_wconf 86' lang='lat' dir='ltr'><strong>maxime</strong></span> <span class='ocrx_word' id='word_1_28' title='bbox 563 756 649 819; x_wconf 88' lang='lat' dir='ltr'>utile.</span> <span class='ocrx_word' id='word_1_29' title='bbox 695 755 748 818; x_wconf 89' lang='lat' dir='ltr'>De</span> <span class='ocrx_word' id='word_1_30' title='bbox 759 756 874 840; x_wconf 91' lang='lat' dir='ltr'>quibus</span> <span class='ocrx_word' id='word_1_31' title='bbox 886 756 989 820; x_wconf 85' lang='lat' dir='ltr'>dicere</span> 
     </span>
     <span class='ocr_line' id='line_1_5' title="bbox 40 841 988 929; baseline 0 -23"><span class='ocrx_word' id='word_1_32' title='bbox 40 842 230 929; x_wconf 83' lang='lat' dir='ltr'>aggrediar,</span> <span class='ocrx_word' id='word_1_33' title='bbox 255 841 282 905; x_wconf 91' lang='lat' dir='ltr'>si</span> <span class='ocrx_word' id='word_1_34' title='bbox 297 863 396 926; x_wconf 89' lang='lat' dir='ltr'>pauca</span> <span class='ocrx_word' id='word_1_35' title='bbox 410 842 495 927; x_wconf 88' lang='lat' dir='ltr'>prius</span> <span class='ocrx_word' id='word_1_36' title='bbox 513 841 551 904; x_wconf 92' lang='lat' dir='ltr'>de</span> <span class='ocrx_word' id='word_1_37' title='bbox 566 841 713 905; x_wconf 89' lang='lat' dir='ltr'>instituto</span> <span class='ocrx_word' id='word_1_38' title='bbox 737 863 773 904; x_wconf 86' lang='lat' dir='ltr'>ac</span> <span class='ocrx_word' id='word_1_39' title='bbox 797 842 835 905; x_wconf 89' lang='lat' dir='ltr'>de</span> <span class='ocrx_word' id='word_1_40' title='bbox 857 841 988 928; x_wconf 87' lang='lat' dir='ltr'>judicio¹</span> 
     </span>
     <span class='ocr_line' id='line_1_6' title="bbox 40 926 1023 1012; baseline 0 -22"><span class='ocrx_word' id='word_1_41' title='bbox 40 951 114 992; x_wconf 90' lang='lat' dir='ltr'>meo</span> <span class='ocrx_word' id='word_1_42' title='bbox 130 927 258 992; x_wconf 84' lang='lat' dir='ltr'><strong>dixero.</strong></span> <span class='ocrx_word' id='word_1_43' title='bbox 304 931 334 990; x_wconf 90' lang='grc'><strong>2.</strong></span> <span class='ocrx_word' id='word_1_44' title='bbox 364 927 563 1012; x_wconf 83' lang='lat' dir='ltr'>Quamquam</span> <span class='ocrx_word' id='word_1_45' title='bbox 588 927 670 990; x_wconf 89' lang='lat' dir='ltr'>enim</span> <span class='ocrx_word' id='word_1_46' title='bbox 696 926 770 990; x_wconf 86' lang='lat' dir='ltr'>libri</span> <span class='ocrx_word' id='word_1_47' title='bbox 793 927 892 992; x_wconf 91' lang='lat' dir='ltr'>nostri</span> <span class='ocrx_word' id='word_1_48' title='bbox 904 951 988 992; x_wconf 89' lang='lat' dir='ltr'>com·</span> <span class='ocrx_word' id='word_1_49' title='bbox 1021 961 1023 968; x_wconf 58' lang='lat'>&gt;</span> 
     </span>
     <span class='ocr_line' id='line_1_7' title="bbox 41 1012 988 1099; baseline 0.002 -23"><span class='ocrx_word' id='word_1_50' title='bbox 41 1012 155 1098; x_wconf 84' lang='lat' dir='ltr'>plures</span> <span class='ocrx_word' id='word_1_51' title='bbox 172 1036 237 1077; x_wconf 91' lang='lat' dir='ltr'>non</span> <span class='ocrx_word' id='word_1_52' title='bbox 253 1012 347 1077; x_wconf 92' lang='lat' dir='ltr'>modo</span> <span class='ocrx_word' id='word_1_53' title='bbox 362 1013 399 1076; x_wconf 91' lang='lat' dir='ltr'>ad</span> <span class='ocrx_word' id='word_1_54' title='bbox 412 1012 549 1099; x_wconf 86' lang='lat' dir='ltr'>legendi,</span> <span class='ocrx_word' id='word_1_55' title='bbox 574 1012 629 1077; x_wconf 91' lang='lat' dir='ltr'>sed</span> <span class='ocrx_word' id='word_1_56' title='bbox 650 1012 746 1077; x_wconf 87' lang='lat' dir='ltr'>etiarn</span> <span class='ocrx_word' id='word_1_57' title='bbox 770 1013 811 1076; x_wconf 89' lang='lat' dir='ltr'>ad</span> <span class='ocrx_word' id='word_1_58' title='bbox 833 1013 988 1078; x_wconf 90' lang='lat' dir='ltr'>scribendi</span> 
     </span>
     <span class='ocr_line' id='line_1_8' title="bbox 42 1098 988 1177; baseline 0.003 -17"><span class='ocrx_word' id='word_1_59' title='bbox 42 1100 193 1163; x_wconf 89' lang='lat' dir='ltr'>studium</span> <span class='ocrx_word' id='word_1_60' title='bbox 223 1099 452 1175; x_wconf 88' lang='lat' dir='ltr'>excitaverunt,</span> <span class='ocrx_word' id='word_1_61' title='bbox 486 1109 591 1162; x_wconf 89' lang='lat' dir='ltr'>tamen</span> <span class='ocrx_word' id='word_1_62' title='bbox 613 1098 771 1163; x_wconf 91' lang='lat' dir='ltr'>interdum</span> <span class='ocrx_word' id='word_1_63' title='bbox 797 1122 914 1177; x_wconf 91' lang='lat' dir='ltr'>vereor,</span> <span class='ocrx_word' id='word_1_64' title='bbox 947 1122 988 1163; x_wconf 87' lang='lat' dir='ltr'>ne</span> 
     </span>
     <span class='ocr_line' id='line_1_9' title="bbox 44 1183 1054 1270; baseline -0.001 -22"><span class='ocrx_word' id='word_1_65' title='bbox 44 1184 244 1268; x_wconf 89' lang='lat' dir='ltr'>quibusdam</span> <span class='ocrx_word' id='word_1_66' title='bbox 260 1184 364 1248; x_wconf 75' lang='lat' dir='ltr'>bonis²</span> <span class='ocrx_word' id='word_1_67' title='bbox 379 1183 451 1248; x_wconf 90' lang='lat' dir='ltr'>viris</span> <span class='ocrx_word' id='word_1_68' title='bbox 466 1183 682 1270; x_wconf 87' lang='lat' dir='ltr'>philosophiae</span> <span class='ocrx_word' id='word_1_69' title='bbox 706 1205 820 1248; x_wconf 91' lang='lat' dir='ltr'>nomen</span> <span class='ocrx_word' id='word_1_70' title='bbox 843 1185 884 1250; x_wconf 91' lang='lat' dir='ltr'>sit</span> <span class='ocrx_word' id='word_1_71' title='bbox 908 1185 989 1248; x_wconf 82' lang='lat' dir='ltr'>invi·</span> <span class='ocrx_word' id='word_1_72' title='bbox 1048 1211 1054 1222; x_wconf 89' lang='lat'><em>·</em></span> 
     </span>
     <span class='ocr_line' id='line_1_10' title="bbox 47 1269 990 1355; baseline 0.002 -23"><span class='ocrx_word' id='word_1_73' title='bbox 47 1293 120 1333; x_wconf 90' lang='lat' dir='ltr'>sum</span> <span class='ocrx_word' id='word_1_74' title='bbox 142 1269 387 1354; x_wconf 83' lang='lat' dir='ltr'>mirenturque³,</span> <span class='ocrx_word' id='word_1_75' title='bbox 411 1269 443 1332; x_wconf 92' lang='lat' dir='ltr'>in</span> <span class='ocrx_word' id='word_1_76' title='bbox 468 1293 506 1333; x_wconf 90' lang='lat' dir='ltr'>ea</span> <span class='ocrx_word' id='word_1_77' title='bbox 522 1282 644 1334; x_wconf 91' lang='lat' dir='ltr'>tantum</span> <span class='ocrx_word' id='word_1_78' title='bbox 668 1293 718 1333; x_wconf 93' lang='lat' dir='ltr'>me</span> <span class='ocrx_word' id='word_1_79' title='bbox 737 1292 848 1355; x_wconf 87' lang='lat' dir='ltr'>operae</span> <span class='ocrx_word' id='word_1_80' title='bbox 864 1282 896 1334; x_wconf 91' lang='lat' dir='ltr'>et</span> <span class='ocrx_word' id='word_1_81' title='bbox 910 1283 990 1334; x_wconf 90' lang='lat' dir='ltr'>tem·</span> 
     </span>
     <span class='ocr_line' id='line_1_11' title="bbox 46 1355 990 1442; baseline 0.002 -24"><span class='ocrx_word' id='word_1_82' title='bbox 46 1357 133 1441; x_wconf 88' lang='lat' dir='ltr'>poris</span> <span class='ocrx_word' id='word_1_83' title='bbox 150 1378 281 1442; x_wconf 90' lang='lat' dir='ltr'>ponere.</span> <span class='ocrx_word' id='word_1_84' title='bbox 329 1355 402 1440; x_wconf 82' lang='lat' dir='ltr'>Ego</span> <span class='ocrx_word' id='word_1_85' title='bbox 425 1367 540 1432; x_wconf 89' lang='lat' dir='ltr'>autem,</span> <span class='ocrx_word' id='word_1_86' title='bbox 566 1355 714 1440; x_wconf 88' lang='lat' dir='ltr'>quamdiu</span> <span class='ocrx_word' id='word_1_87' title='bbox 729 1379 778 1419; x_wconf 90' lang='lat' dir='ltr'>res</span> <span class='ocrx_word' id='word_1_88' title='bbox 794 1357 920 1442; x_wconf 91' lang='lat' dir='ltr'>publica</span> <span class='ocrx_word' id='word_1_89' title='bbox 935 1379 990 1442; x_wconf 91' lang='lat' dir='ltr'>per</span> 
     </span>
     <span class='ocr_line' id='line_1_12' title="bbox 46 1440 991 1529; baseline 0.002 -25"><span class='ocrx_word' id='word_1_90' title='bbox 46 1463 100 1506; x_wconf 93' lang='lat' dir='ltr'>eos</span> <span class='ocrx_word' id='word_1_91' title='bbox 112 1442 300 1529; x_wconf 87' lang='lat' dir='ltr'>gerebatur,</span> <span class='ocrx_word' id='word_1_92' title='bbox 324 1440 438 1526; x_wconf 89' lang='lat' dir='ltr'>quibus</span> <span class='ocrx_word' id='word_1_93' title='bbox 450 1463 483 1504; x_wconf 92' lang='lat' dir='ltr'>se</span> <span class='ocrx_word' id='word_1_94' title='bbox 493 1441 561 1527; x_wconf 90' lang='lat' dir='ltr'>ipsa</span> <span class='ocrx_word' id='word_1_95' title='bbox 569 1442 774 1519; x_wconf 83' lang='lat' dir='ltr'>commiserat,</span> <span class='ocrx_word' id='word_1_96' title='bbox 789 1464 896 1506; x_wconf 89' lang='lat' dir='ltr'>omnes</span> <span class='ocrx_word' id='word_1_97' title='bbox 906 1465 991 1506; x_wconf 86' lang='lat' dir='ltr'>meas</span> 
     </span>
     <span class='ocr_line' id='line_1_13' title="bbox 48 1527 991 1614; baseline 0.002 -26"><span class='ocrx_word' id='word_1_98' title='bbox 48 1548 141 1592; x_wconf 87' lang='lat' dir='ltr'>curas</span> <span class='ocrx_word' id='word_1_99' title='bbox 147 1527 422 1614; x_wconf 84' lang='lat' dir='ltr'>cogitationesque</span> <span class='ocrx_word' id='word_1_100' title='bbox 430 1527 461 1588; x_wconf 95' lang='lat' dir='ltr'>in</span> <span class='ocrx_word' id='word_1_101' title='bbox 472 1549 540 1590; x_wconf 90' lang='lat' dir='ltr'>eam</span> <span class='ocrx_word' id='word_1_102' title='bbox 546 1527 758 1591; x_wconf 89' lang='lat' dir='ltr'>conferebam:</span> <span class='ocrx_word' id='word_1_103' title='bbox 770 1550 867 1612; x_wconf 93' lang='lat' dir='ltr'>quum</span> <span class='ocrx_word' id='word_1_104' title='bbox 873 1529 991 1591; x_wconf 76' lang='lat' dir='ltr'>autem⁴</span> 
     </span>
     <span class='ocr_line' id='line_1_14' title="bbox 49 1612 991 1697; baseline 0 -22"><span class='ocrx_word' id='word_1_105' title='bbox 49 1613 217 1678; x_wconf 87' lang='lat' dir='ltr'>dominatu</span> <span class='ocrx_word' id='word_1_106' title='bbox 230 1612 322 1676; x_wconf 88' lang='lat' dir='ltr'>unius</span> <span class='ocrx_word' id='word_1_107' title='bbox 332 1613 435 1676; x_wconf 92' lang='lat' dir='ltr'>omnia</span> <span class='ocrx_word' id='word_1_108' title='bbox 447 1624 639 1689; x_wconf 89' lang='lat' dir='ltr'>tenerentur,</span> <span class='ocrx_word' id='word_1_109' title='bbox 656 1635 758 1696; x_wconf 90' lang='lat' dir='ltr'>neque</span> <span class='ocrx_word' id='word_1_110' title='bbox 767 1627 849 1676; x_wconf 90' lang='lat' dir='ltr'>esset</span> <span class='ocrx_word' id='word_1_111' title='bbox 858 1635 991 1697; x_wconf 85' lang='lat' dir='ltr'>usquam</span> 
     </span>
     <span class='ocr_line' id='line_1_15' title="bbox 50 1698 991 1782; baseline 0.001 -21"><span class='ocrx_word' id='word_1_112' title='bbox 50 1699 186 1764; x_wconf 89' lang='lat' dir='ltr'>consilio</span> <span class='ocrx_word' id='word_1_113' title='bbox 201 1712 258 1762; x_wconf 90' lang='lat' dir='ltr'>aut</span> <span class='ocrx_word' id='word_1_114' title='bbox 273 1699 451 1762; x_wconf 87' lang='lat' dir='ltr'>auctoritati</span> <span class='ocrx_word' id='word_1_115' title='bbox 470 1698 567 1774; x_wconf 90' lang='lat' dir='ltr'>locus,</span> <span class='ocrx_word' id='word_1_116' title='bbox 592 1699 692 1762; x_wconf 88' lang='lat' dir='ltr'>socios</span> <span class='ocrx_word' id='word_1_117' title='bbox 708 1699 841 1782; x_wconf 89' lang='lat' dir='ltr'>denique</span> <span class='ocrx_word' id='word_1_118' title='bbox 856 1699 991 1762; x_wconf 90' lang='lat' dir='ltr'>tuendae</span> 
     </span>
     <span class='ocr_line' id='line_1_16' title="bbox 51 1783 991 1871; baseline 0.001 -26"><span class='ocrx_word' id='word_1_119' title='bbox 51 1786 95 1848; x_wconf 91' lang='lat' dir='ltr'>rei</span> <span class='ocrx_word' id='word_1_120' title='bbox 111 1785 272 1871; x_wconf 87' lang='lat' dir='ltr'>publicae,</span> <span class='ocrx_word' id='word_1_121' title='bbox 298 1806 435 1847; x_wconf 92' lang='lat' dir='ltr'>summos</span> <span class='ocrx_word' id='word_1_122' title='bbox 447 1785 539 1861; x_wconf 78' lang='lat' dir='ltr'>vitoe,</span> <span class='ocrx_word' id='word_1_123' title='bbox 564 1783 756 1859; x_wconf 83' lang='lat' dir='ltr'>amisissem3</span> <span class='ocrx_word' id='word_1_124' title='bbox 780 1807 838 1847; x_wconf 88' lang='lat' dir='ltr'>nec</span> <span class='ocrx_word' id='word_1_125' title='bbox 862 1805 912 1846; x_wconf 90' lang='lat' dir='ltr'>me</span> <span class='ocrx_word' id='word_1_126' title='bbox 936 1807 991 1846; x_wconf 89' lang='lat' dir='ltr'>an-</span> 
     </span>
     <span class='ocr_line' id='line_1_17' title="bbox 51 1869 992 1954; baseline 0.001 -22"><span class='ocrx_word' id='word_1_127' title='bbox 51 1873 184 1954; x_wconf 83' lang='lat' dir='ltr'>goribus</span> <span class='ocrx_word' id='word_1_128' title='bbox 196 1869 311 1946; x_wconf 87' lang='lat' dir='ltr'>dedidi,</span> <span class='ocrx_word' id='word_1_129' title='bbox 335 1870 449 1954; x_wconf 89' lang='lat' dir='ltr'>quibus</span> <span class='ocrx_word' id='word_1_130' title='bbox 464 1891 564 1933; x_wconf 86' lang='lat' dir='ltr'>essem</span> <span class='ocrx_word' id='word_1_131' title='bbox 579 1871 751 1947; x_wconf 86' lang='lat' dir='ltr'>confectus,</span> <span class='ocrx_word' id='word_1_132' title='bbox 775 1869 835 1932; x_wconf 90' lang='lat' dir='ltr'>nisi</span> <span class='ocrx_word' id='word_1_133' title='bbox 849 1869 886 1933; x_wconf 87' lang='lat' dir='ltr'>iis</span> <span class='ocrx_word' id='word_1_134' title='bbox 902 1870 992 1933; x_wconf 92' lang='lat' dir='ltr'>resti-</span> 
     </span>
     <span class='ocr_line' id='line_1_18' title="bbox 53 1954 991 2041; baseline 0.001 -23"><span class='ocrx_word' id='word_1_135' title='bbox 53 1956 371 2032; x_wconf 86' lang='lat' dir='ltr'>tissem3necrursum</span> <span class='ocrx_word' id='word_1_136' title='bbox 382 1954 757 2041; x_wconf 87' lang='lat' dir='ltr'>indignishominedocto</span> <span class='ocrx_word' id='word_1_137' title='bbox 768 1955 991 2040; x_wconf 79' lang='lat' dir='ltr'>voluptatibus</span> 
     </span>
     <span class='ocr_line' id='line_1_19' title="bbox 53 2040 990 2128; baseline 0.003 -26"><span class='ocrx_word' id='word_1_138' title='bbox 53 2046 82 2104; x_wconf 89' lang='lat'>3.</span> <span class='ocrx_word' id='word_1_139' title='bbox 102 2046 214 2127; x_wconf 91' lang='lat' dir='ltr'>Atque</span> <span class='ocrx_word' id='word_1_140' title='bbox 235 2040 356 2105; x_wconf 86' lang='lat' dir='ltr'>utinam</span> <span class='ocrx_word' id='word_1_141' title='bbox 380 2065 428 2104; x_wconf 87' lang='lat' dir='ltr'>res</span> <span class='ocrx_word' id='word_1_142' title='bbox 444 2041 571 2127; x_wconf 91' lang='lat' dir='ltr'>publica</span> <span class='ocrx_word' id='word_1_143' title='bbox 585 2041 733 2118; x_wconf 89' lang='lat' dir='ltr'>stetisset,</span> <span class='ocrx_word' id='word_1_144' title='bbox 758 2063 821 2126; x_wconf 89' lang='lat' dir='ltr'>quo</span> <span class='ocrx_word' id='word_1_145' title='bbox 837 2057 990 2128; x_wconf 89' lang='lat' dir='ltr'>coeperat,</span> 
     </span>
     <span class='ocr_line' id='line_1_20' title="bbox 53 2125 992 2213; baseline 0 -24"><span class='ocrx_word' id='word_1_146' title='bbox 53 2140 152 2206; x_wconf 92' lang='lat' dir='ltr'>statu,</span> <span class='ocrx_word' id='word_1_147' title='bbox 170 2151 229 2191; x_wconf 89' lang='lat' dir='ltr'>neo</span> <span class='ocrx_word' id='word_1_148' title='bbox 240 2128 272 2190; x_wconf 95' lang='lat' dir='ltr'>in</span> <span class='ocrx_word' id='word_1_149' title='bbox 283 2125 435 2202; x_wconf 89' lang='lat' dir='ltr'>homines,</span> <span class='ocrx_word' id='word_1_150' title='bbox 449 2139 586 2190; x_wconf 86' lang='lat' dir='ltr'>nontam</span> <span class='ocrx_word' id='word_1_151' title='bbox 597 2127 884 2192; x_wconf 88' lang='lat' dir='ltr'>commutandarum</span> <span class='ocrx_word' id='word_1_152' title='bbox 898 2150 992 2213; x_wconf 92' lang='lat' dir='ltr'>quam</span> 
     </span>
     <span class='ocr_line' id='line_1_21' title="bbox 54 2212 992 2297; baseline 0.002 -23"><span class='ocrx_word' id='word_1_153' title='bbox 54 2212 296 2278; x_wconf 80' lang='lat' dir='ltr'>evertendarum</span> <span class='ocrx_word' id='word_1_154' title='bbox 324 2235 426 2276; x_wconf 89' lang='lat' dir='ltr'>rerum</span> <span class='ocrx_word' id='word_1_155' title='bbox 454 2213 584 2297; x_wconf 89' lang='lat' dir='ltr'>cupidos</span> <span class='ocrx_word' id='word_1_156' title='bbox 613 2213 789 2277; x_wconf 78' lang='lat' dir='ltr'>incidisset!</span> <span class='ocrx_word' id='word_1_157' title='bbox 850 2213 992 2278; x_wconf 92' lang='lat' dir='ltr'>Primum</span> 
     </span>
     <span class='ocr_line' id='line_1_22' title="bbox 54 2297 992 2384; baseline 0.001 -24"><span class='ocrx_word' id='word_1_158' title='bbox 54 2299 150 2376; x_wconf 88' lang='lat' dir='ltr'>enirn,</span> <span class='ocrx_word' id='word_1_159' title='bbox 168 2312 205 2363; x_wconf 90' lang='lat' dir='ltr'>ut</span> <span class='ocrx_word' id='word_1_160' title='bbox 216 2309 321 2362; x_wconf 89' lang='lat' dir='ltr'>stante</span> <span class='ocrx_word' id='word_1_161' title='bbox 330 2321 362 2361; x_wconf 93' lang='lat' dir='ltr'>re</span> <span class='ocrx_word' id='word_1_162' title='bbox 373 2298 499 2383; x_wconf 91' lang='lat' dir='ltr'>publica</span> <span class='ocrx_word' id='word_1_163' title='bbox 510 2300 609 2362; x_wconf 90' lang='lat' dir='ltr'>facere</span> <span class='ocrx_word' id='word_1_164' title='bbox 622 2297 810 2375; x_wconf 77' lang='lat' dir='ltr'>solebamuS,</span> <span class='ocrx_word' id='word_1_165' title='bbox 825 2299 855 2361; x_wconf 91' lang='lat' dir='ltr'>in</span> <span class='ocrx_word' id='word_1_166' title='bbox 868 2299 992 2384; x_wconf 83' lang='lat' dir='ltr'>agendo</span> 
     </span>
     <span class='ocr_line' id='line_1_23' title="bbox 56 2382 990 2483; baseline 0 -37"><span class='ocrx_word' id='word_1_167' title='bbox 56 2384 243 2483; x_wconf 90' lang='lat' dir='ltr'>plusquam</span> <span class='ocrx_word' id='word_1_168' title='bbox 268 2383 300 2446; x_wconf 91' lang='lat' dir='ltr'>in</span> <span class='ocrx_word' id='word_1_169' title='bbox 324 2383 488 2447; x_wconf 88' lang='lat' dir='ltr'>scribendo</span> <span class='ocrx_word' id='word_1_170' title='bbox 510 2406 622 2469; x_wconf 90' lang='lat' dir='ltr'>operae</span> <span class='ocrx_word' id='word_1_171' title='bbox 644 2405 846 2469; x_wconf 88' lang='lat' dir='ltr'>poneremus:</span> <span class='ocrx_word' id='word_1_172' title='bbox 870 2382 990 2460; x_wconf 91' lang='lat' dir='ltr'>deinde,</span> 
     </span>
     <span class='ocr_line' id='line_1_24' title="bbox 55 2469 993 2555; baseline 0.001 -24"><span class='ocrx_word' id='word_1_173' title='bbox 55 2472 130 2554; x_wconf 83' lang='lat' dir='ltr'>ipsis</span> <span class='ocrx_word' id='word_1_174' title='bbox 146 2469 348 2555; x_wconf 88' lang='lat' dir='ltr'>scriptisnon</span> <span class='ocrx_word' id='word_1_175' title='bbox 364 2491 494 2554; x_wconf 88' lang='lat' dir='ltr'>eaquae</span> <span class='ocrx_word' id='word_1_176' title='bbox 514 2492 608 2545; x_wconf 91' lang='lat' dir='ltr'>nunc,</span> <span class='ocrx_word' id='word_1_177' title='bbox 637 2469 690 2532; x_wconf 91' lang='lat' dir='ltr'>sed</span> <span class='ocrx_word' id='word_1_178' title='bbox 714 2469 852 2534; x_wconf 86' lang='lat' dir='ltr'>actiones</span> <span class='ocrx_word' id='word_1_179' title='bbox 873 2483 993 2533; x_wconf 87' lang='lat' dir='ltr'>nostras</span> 
     </span>
     <span class='ocr_line' id='line_1_25' title="bbox 57 2555 992 2641; baseline 0 -23"><span class='ocrx_word' id='word_1_180' title='bbox 57 2556 286 2631; x_wconf 88' lang='lat' dir='ltr'>mandaremus,</span> <span class='ocrx_word' id='word_1_181' title='bbox 319 2567 355 2618; x_wconf 94' lang='lat' dir='ltr'>ut</span> <span class='ocrx_word' id='word_1_182' title='bbox 377 2577 470 2641; x_wconf 86' lang='lat' dir='ltr'>saepe</span> <span class='ocrx_word' id='word_1_183' title='bbox 494 2555 637 2618; x_wconf 87' lang='lat' dir='ltr'>fecimus.</span> <span class='ocrx_word' id='word_1_184' title='bbox 685 2555 793 2628; x_wconf 83' lang='lat' dir='ltr'>Quum</span> <span class='ocrx_word' id='word_1_185' title='bbox 813 2569 918 2620; x_wconf 90' lang='lat' dir='ltr'>autem</span> <span class='ocrx_word' id='word_1_186' title='bbox 944 2577 992 2618; x_wconf 91' lang='lat' dir='ltr'>res</span> 
     </span>
     <span class='ocr_line' id='line_1_26' title="bbox 56 2640 992 2728; baseline 0.001 -24"><span class='ocrx_word' id='word_1_187' title='bbox 56 2643 196 2725; x_wconf 92' lang='lat' dir='ltr'>publica,</span> <span class='ocrx_word' id='word_1_188' title='bbox 221 2640 254 2704; x_wconf 93' lang='lat' dir='ltr'>in</span> <span class='ocrx_word' id='word_1_189' title='bbox 266 2663 329 2726; x_wconf 92' lang='lat' dir='ltr'>qua</span> <span class='ocrx_word' id='word_1_190' title='bbox 340 2640 441 2704; x_wconf 90' lang='lat' dir='ltr'>omnis</span> <span class='ocrx_word' id='word_1_191' title='bbox 456 2662 524 2703; x_wconf 90' lang='lat' dir='ltr'>mea</span> <span class='ocrx_word' id='word_1_192' title='bbox 540 2663 624 2716; x_wconf 89' lang='lat' dir='ltr'>cura,</span> <span class='ocrx_word' id='word_1_193' title='bbox 636 2640 798 2726; x_wconf 86' lang='lat' dir='ltr'>cogitatio,</span> <span class='ocrx_word' id='word_1_194' title='bbox 813 2664 907 2728; x_wconf 91' lang='lat' dir='ltr'>opera</span> <span class='ocrx_word' id='word_1_195' title='bbox 917 2643 992 2726; x_wconf 93' lang='lat' dir='ltr'>poni</span> 
     </span>
     <span class='ocr_line' id='line_1_27' title="bbox 57 2726 995 2804; baseline 0.002 -16"><span class='ocrx_word' id='word_1_196' title='bbox 57 2728 190 2804; x_wconf 89' lang='lat' dir='ltr'>solebat,</span> <span class='ocrx_word' id='word_1_197' title='bbox 215 2727 302 2790; x_wconf 91' lang='lat' dir='ltr'>nulla</span> <span class='ocrx_word' id='word_1_198' title='bbox 316 2737 398 2790; x_wconf 90' lang='lat' dir='ltr'>esset</span> <span class='ocrx_word' id='word_1_199' title='bbox 418 2726 556 2802; x_wconf 91' lang='lat' dir='ltr'>omnino,</span> <span class='ocrx_word' id='word_1_200' title='bbox 580 2726 652 2790; x_wconf 90' lang='lat' dir='ltr'>illae</span> <span class='ocrx_word' id='word_1_201' title='bbox 667 2726 787 2791; x_wconf 89' lang='lat' dir='ltr'>scilicet</span> <span class='ocrx_word' id='word_1_202' title='bbox 798 2726 906 2792; x_wconf 87' lang='lat' dir='ltr'>literae</span> <span class='ocrx_word' id='word_1_203' title='bbox 921 2750 995 2791; x_wconf 90' lang='lat' dir='ltr'>con-</span> 
     </span>
     <span class='ocr_line' id='line_1_28' title="bbox 59 2809 993 2899; baseline 0 -24"><span class='ocrx_word' id='word_1_204' title='bbox 59 2812 240 2889; x_wconf 84' lang='lat' dir='ltr'>ticuerunt⁵,</span> <span class='ocrx_word' id='word_1_205' title='bbox 265 2813 403 2876; x_wconf 82' lang='lat' dir='ltr'>forenses</span> <span class='ocrx_word' id='word_1_206' title='bbox 423 2822 454 2875; x_wconf 94' lang='lat' dir='ltr'>et</span> <span class='ocrx_word' id='word_1_207' title='bbox 484 2809 681 2875; x_wconf 78' lang='lat' dir='ltr'>senatoriae⁶.</span> <span class='ocrx_word' id='word_1_208' title='bbox 725 2817 756 2875; x_wconf 87' lang='grc'><strong>4.</strong></span> <span class='ocrx_word' id='word_1_209' title='bbox 786 2811 876 2877; x_wconf 88' lang='lat' dir='ltr'>Nihil</span> <span class='ocrx_word' id='word_1_210' title='bbox 899 2835 993 2899; x_wconf 86' lang='lat' dir='ltr'>agere</span> 
     </span>
     <span class='ocr_line' id='line_1_29' title="bbox 58 2897 990 2984; baseline 0 -24"><span class='ocrx_word' id='word_1_211' title='bbox 58 2910 162 2964; x_wconf 89' lang='lat' dir='ltr'>autem</span> <span class='ocrx_word' id='word_1_212' title='bbox 189 2921 289 2984; x_wconf 92' lang='lat' dir='ltr'>quum</span> <span class='ocrx_word' id='word_1_213' title='bbox 315 2898 436 2961; x_wconf 87' lang='lat' dir='ltr'>animus</span> <span class='ocrx_word' id='word_1_214' title='bbox 462 2919 525 2960; x_wconf 93' lang='lat' dir='ltr'>non</span> <span class='ocrx_word' id='word_1_215' title='bbox 548 2908 663 2982; x_wconf 89' lang='lat' dir='ltr'>posset,</span> <span class='ocrx_word' id='word_1_216' title='bbox 687 2897 720 2960; x_wconf 92' lang='lat' dir='ltr'>in</span> <span class='ocrx_word' id='word_1_217' title='bbox 742 2897 791 2961; x_wconf 91' lang='lat' dir='ltr'>bis</span> <span class='ocrx_word' id='word_1_218' title='bbox 813 2898 924 2962; x_wconf 90' lang='lat' dir='ltr'>studiis</span> <span class='ocrx_word' id='word_1_219' title='bbox 950 2897 990 2962; x_wconf 92' lang='lat' dir='ltr'>ab</span> 
     </span>
     <span class='ocr_line' id='line_1_30' title="bbox 58 2982 994 3070; baseline 0.002 -25"><span class='ocrx_word' id='word_1_220' title='bbox 58 2982 147 3050; x_wconf 89' lang='lat' dir='ltr'>initio</span> <span class='ocrx_word' id='word_1_221' title='bbox 163 2996 306 3048; x_wconf 87' lang='lat' dir='ltr'>versatus</span> <span class='ocrx_word' id='word_1_222' title='bbox 321 2984 432 3047; x_wconf 91' lang='lat' dir='ltr'>aetatis</span> <span class='ocrx_word' id='word_1_223' title='bbox 453 2982 629 3046; x_wconf 89' lang='lat' dir='ltr'>existimavi</span> <span class='ocrx_word' id='word_1_224' title='bbox 654 2983 871 3048; x_wconf 86' lang='lat' dir='ltr'>honestissime</span> <span class='ocrx_word' id='word_1_225' title='bbox 891 2983 994 3070; x_wconf 80' lang='lat' dir='ltr'>posse⁷</span> 
     </span>
     <span class='ocr_line' id='line_1_31' title="bbox 59 3067 994 3157; baseline 0 -25"><span class='ocrx_word' id='word_1_226' title='bbox 59 3069 183 3157; x_wconf 92' lang='lat' dir='ltr'>deponi,</span> <span class='ocrx_word' id='word_1_227' title='bbox 197 3069 225 3133; x_wconf 87' lang='lat' dir='ltr'>si</span> <span class='ocrx_word' id='word_1_228' title='bbox 238 3092 289 3132; x_wconf 90' lang='lat' dir='ltr'>me</span> <span class='ocrx_word' id='word_1_229' title='bbox 300 3068 340 3133; x_wconf 91' lang='lat' dir='ltr'>ad</span> <span class='ocrx_word' id='word_1_230' title='bbox 350 3067 580 3156; x_wconf 88' lang='lat' dir='ltr'>philosophiam</span> <span class='ocrx_word' id='word_1_231' title='bbox 591 3070 777 3134; x_wconf 89' lang='lat' dir='ltr'>retulissem.</span> <span class='ocrx_word' id='word_1_232' title='bbox 825 3071 887 3134; x_wconf 91' lang='lat' dir='ltr'>Cui</span> <span class='ocrx_word' id='word_1_233' title='bbox 896 3092 994 3154; x_wconf 91' lang='lat' dir='ltr'>quum</span> 
     </span>
    </p>
   </div>
   <div class='ocr_carea' id='block_1_3' title="bbox 60 3264 996 3864">
    <p class='ocr_par' dir='ltr' id='par_1_3' title="bbox 60 3264 996 3864">
     <span class='ocr_line' id='line_1_32' title="bbox 90 3264 995 3348; baseline -0.001 -16"><span class='ocrx_word' id='word_1_234' title='bbox 90 3288 109 3332; x_wconf 94' lang='lat'>1.</span> <span class='ocrx_word' id='word_1_235' title='bbox 121 3283 156 3348; x_wconf 89' lang='lat'>(¹)</span> <span class='ocrx_word' id='word_1_236' title='bbox 165 3285 201 3332; x_wconf 80' lang='lat' dir='ltr'>Of.</span> <span class='ocrx_word' id='word_1_237' title='bbox 208 3285 273 3331; x_wconf 77' lang='lat' dir='ltr'>den.</span> <span class='ocrx_word' id='word_1_238' title='bbox 280 3285 310 3330; x_wconf 89' lang='lat' dir='ltr'>D.</span> <span class='ocrx_word' id='word_1_239' title='bbox 317 3283 332 3329; x_wconf 89' lang='lat' dir='ltr'>i.</span> <span class='ocrx_word' id='word_1_240' title='bbox 341 3285 363 3329; x_wconf 90' lang='grc'><strong>4.</strong></span> <span class='ocrx_word' id='word_1_241' title='bbox 372 3283 393 3331; x_wconf 85' lang='grc'><strong>’1.</strong></span> <span class='ocrx_word' id='word_1_242' title='bbox 404 3285 433 3338; x_wconf 84' lang='grc'><strong>8.,</strong></span> <span class='ocrx_word' id='word_1_243' title='bbox 443 3285 470 3331; x_wconf 84' lang='lat' dir='ltr'>de</span> <span class='ocrx_word' id='word_1_244' title='bbox 480 3285 506 3329; x_wconf 89' lang='lat' dir='ltr'>D.</span> <span class='ocrx_word' id='word_1_245' title='bbox 547 3287 702 3342; x_wconf 80' lang='lat' dir='ltr'>epatiruerunt</span> <span class='ocrx_word' id='word_1_246' title='bbox 709 3295 762 3330; x_wconf 86' lang='lat' dir='ltr'>tuae</span> <span class='ocrx_word' id='word_1_247' title='bbox 773 3284 876 3329; x_wconf 86' lang='lat' dir='ltr'>literae.&#39;¹</span> <span class='ocrx_word' id='word_1_248' title='bbox 895 3264 928 3346; x_wconf 86' lang='lat'>(⁶)</span> <span class='ocrx_word' id='word_1_249' title='bbox 938 3284 995 3332; x_wconf 86' lang='lat' dir='ltr'>Gre-</span> 
     </span>
     <span class='ocr_line' id='line_1_33' title="bbox 60 3348 994 3408; baseline 0.003 -13"><span class='ocrx_word' id='word_1_250' title='bbox 60 3349 115 3397; x_wconf 74' lang='grc'><strong>112.</strong></span> <span class='ocrx_word' id='word_1_251' title='bbox 128 3353 151 3397; x_wconf 85' lang='grc'><strong>6.</strong></span> <span class='ocrx_word' id='word_1_252' title='bbox 165 3350 197 3405; x_wconf 83' lang='grc'><strong>7.,</strong></span> <span class='ocrx_word' id='word_1_253' title='bbox 216 3351 248 3396; x_wconf 81' lang='lat' dir='ltr'>ad</span> <span class='ocrx_word' id='word_1_254' title='bbox 264 3351 291 3396; x_wconf 81' lang='lat' dir='ltr'>F.</span> <span class='ocrx_word' id='word_1_255' title='bbox 308 3351 337 3395; x_wconf 90' lang='lat' dir='ltr'>iv.</span> <span class='ocrx_word' id='word_1_256' title='bbox 357 3351 378 3394; x_wconf 85' lang='lat'>3.</span> <span class='ocrx_word' id='word_1_257' title='bbox 391 3350 421 3405; x_wconf 88' lang='grc'><strong>4.,</strong></span> <span class='ocrx_word' id='word_1_258' title='bbox 442 3351 463 3395; x_wconf 95' lang='grc'><strong>4.</strong></span> <span class='ocrx_word' id='word_1_259' title='bbox 477 3350 506 3406; x_wconf 90' lang='grc'><strong>4.,</strong></span> <span class='ocrx_word' id='word_1_260' title='bbox 548 3352 615 3395; x_wconf 78' lang='lat' dir='ltr'>detes</span> <span class='ocrx_word' id='word_1_261' title='bbox 628 3351 668 3394; x_wconf 89' lang='lat' dir='ltr'>has</span> <span class='ocrx_word' id='word_1_262' title='bbox 680 3357 726 3395; x_wconf 86' lang='lat' dir='ltr'>tres</span> <span class='ocrx_word' id='word_1_263' title='bbox 738 3348 914 3408; x_wconf 78' lang='lat' dir='ltr'>vocesforensct</span> <span class='ocrx_word' id='word_1_264' title='bbox 925 3356 948 3396; x_wconf 82' lang='lat' dir='ltr'>et</span> <span class='ocrx_word' id='word_1_265' title='bbox 958 3366 994 3398; x_wconf 84' lang='lat' dir='ltr'>se-</span> 
     </span>
     <span class='ocr_line' id='line_1_34' title="bbox 62 3415 994 3472; baseline 0 -11"><span class='ocrx_word' id='word_1_266' title='bbox 62 3416 96 3462; x_wconf 84' lang='lat'>13.</span> <span class='ocrx_word' id='word_1_267' title='bbox 108 3415 140 3472; x_wconf 84' lang='lat'>3.,</span> <span class='ocrx_word' id='word_1_268' title='bbox 153 3431 174 3460; x_wconf 84' lang='lat' dir='ltr'>v.</span> <span class='ocrx_word' id='word_1_269' title='bbox 189 3416 226 3460; x_wconf 86' lang='lat'>1⁵.</span> <span class='ocrx_word' id='word_1_270' title='bbox 239 3417 260 3460; x_wconf 85' lang='grc'><strong>3.</strong></span> <span class='ocrx_word' id='word_1_271' title='bbox 273 3417 303 3471; x_wconf 93' lang='grc'><strong>4.,</strong></span> <span class='ocrx_word' id='word_1_272' title='bbox 313 3415 344 3459; x_wconf 90' lang='lat' dir='ltr'>ix.</span> <span class='ocrx_word' id='word_1_273' title='bbox 358 3417 379 3458; x_wconf 87' lang='grc'><strong>2.</strong></span> <span class='ocrx_word' id='word_1_274' title='bbox 391 3417 422 3468; x_wconf 84' lang='grc'><strong>5.,</strong></span> <span class='ocrx_word' id='word_1_275' title='bbox 438 3417 459 3460; x_wconf 92' lang='grc'><strong>6.</strong></span> <span class='ocrx_word' id='word_1_276' title='bbox 476 3417 507 3468; x_wconf 86' lang='grc'><strong>5.,</strong></span> <span class='ocrx_word' id='word_1_277' title='bbox 546 3416 650 3460; x_wconf 79' lang='lat' dir='ltr'>natoriae</span> <span class='ocrx_word' id='word_1_278' title='bbox 661 3416 689 3460; x_wconf 85' lang='lat' dir='ltr'>ab</span> <span class='ocrx_word' id='word_1_279' title='bbox 706 3416 842 3460; x_wconf 86' lang='lat' dir='ltr'>adnotatore</span> <span class='ocrx_word' id='word_1_280' title='bbox 858 3416 994 3470; x_wconf 84' lang='lat' dir='ltr'>accessisse;</span> 
     </span>
     <span class='ocr_line' id='line_1_35' title="bbox 61 3475 995 3541; baseline 0.002 -17"><span class='ocrx_word' id='word_1_281' title='bbox 61 3481 95 3526; x_wconf 90' lang='lat'>18.</span> <span class='ocrx_word' id='word_1_282' title='bbox 114 3481 137 3526; x_wconf 90' lang='grc'><strong>2.</strong></span> <span class='ocrx_word' id='word_1_283' title='bbox 178 3475 213 3541; x_wconf 75' lang='lat'>(²)</span> <span class='ocrx_word' id='word_1_284' title='bbox 232 3481 271 3526; x_wconf 85' lang='lat' dir='ltr'>cf.</span> <span class='ocrx_word' id='word_1_285' title='bbox 291 3481 329 3528; x_wconf 84' lang='lat'>25.</span> <span class='ocrx_word' id='word_1_286' title='bbox 347 3481 385 3534; x_wconf 82' lang='lat'>90,</span> <span class='ocrx_word' id='word_1_287' title='bbox 403 3479 449 3534; x_wconf 77' lang='lat' dir='ltr'>ifr,</span> <span class='ocrx_word' id='word_1_288' title='bbox 467 3481 506 3523; x_wconf 84' lang='lat' dir='ltr'>“a</span> <span class='ocrx_word' id='word_1_289' title='bbox 546 3480 646 3524; x_wconf 82' lang='lat' dir='ltr'>frustra:</span> <span class='ocrx_word' id='word_1_290' title='bbox 663 3477 691 3525; x_wconf 89' lang='lat' dir='ltr'>cf.</span> <span class='ocrx_word' id='word_1_291' title='bbox 707 3495 749 3539; x_wconf 82' lang='lat' dir='ltr'>pro</span> <span class='ocrx_word' id='word_1_292' title='bbox 759 3479 823 3525; x_wconf 79' lang='lat' dir='ltr'>Raro.</span> <span class='ocrx_word' id='word_1_293' title='bbox 836 3481 886 3525; x_wconf 87' lang='lat' dir='ltr'>Am.</span> <span class='ocrx_word' id='word_1_294' title='bbox 900 3481 936 3526; x_wconf 89' lang='lat'>15.</span> <span class='ocrx_word' id='word_1_295' title='bbox 948 3481 995 3536; x_wconf 77' lang='lat' dir='ltr'>ta,</span> 
     </span>
     <span class='ocr_line' id='line_1_36' title="bbox 60 3541 994 3606; baseline -0.002 -14"><span class='ocrx_word' id='word_1_296' title='bbox 60 3546 200 3605; x_wconf 80' lang='lat' dir='ltr'>quibusdam</span> <span class='ocrx_word' id='word_1_297' title='bbox 210 3547 301 3606; x_wconf 71' lang='lat' dir='ltr'>oprimis</span> <span class='ocrx_word' id='word_1_298' title='bbox 308 3543 386 3590; x_wconf 82' lang='lat' dir='ltr'>viris.’&#39;</span> <span class='ocrx_word' id='word_1_299' title='bbox 405 3541 437 3606; x_wconf 82' lang='lat'>(³)</span> <span class='ocrx_word' id='word_1_300' title='bbox 445 3545 507 3592; x_wconf 81' lang='lat' dir='ltr'>Nota</span> <span class='ocrx_word' id='word_1_301' title='bbox 547 3548 561 3570; x_wconf 87' lang='lat'>“</span> <span class='ocrx_word' id='word_1_302' title='bbox 570 3545 704 3604; x_wconf 84' lang='lat' dir='ltr'>praesertim</span> <span class='ocrx_word' id='word_1_303' title='bbox 714 3545 820 3590; x_wconf 87' lang='lat' dir='ltr'>homines</span> <span class='ocrx_word' id='word_1_304' title='bbox 827 3544 889 3590; x_wconf 83' lang='lat' dir='ltr'>itlius</span> <span class='ocrx_word' id='word_1_305' title='bbox 898 3545 994 3600; x_wconf 87' lang='lat' dir='ltr'>ordinis,</span> 
     </span>
     <span class='ocr_line' id='line_1_37' title="bbox 61 3609 996 3669; baseline -0.004 -13"><span class='ocrx_word' id='word_1_306' title='bbox 61 3611 230 3656; x_wconf 79' lang='lat' dir='ltr'>nominativum</span> <span class='ocrx_word' id='word_1_307' title='bbox 239 3624 267 3656; x_wconf 83' lang='lat' dir='ltr'>ex</span> <span class='ocrx_word' id='word_1_308' title='bbox 274 3611 368 3669; x_wconf 87' lang='lat' dir='ltr'>obliquo</span> <span class='ocrx_word' id='word_1_309' title='bbox 375 3623 428 3654; x_wconf 88' lang='lat' dir='ltr'>casu</span> <span class='ocrx_word' id='word_1_310' title='bbox 438 3611 508 3656; x_wconf 82' lang='lat' dir='ltr'>intel·</span> <span class='ocrx_word' id='word_1_311' title='bbox 546 3625 573 3656; x_wconf 78' lang='lat' dir='ltr'>ec</span> <span class='ocrx_word' id='word_1_312' title='bbox 585 3611 715 3668; x_wconf 72' lang='lat' dir='ltr'>municipiis</span> <span class='ocrx_word' id='word_1_313' title='bbox 732 3612 856 3656; x_wconf 78' lang='lat' dir='ltr'>rusticanis</span> <span class='ocrx_word' id='word_1_314' title='bbox 865 3609 888 3654; x_wconf 88' lang='lat'>:’&#39;</span> <span class='ocrx_word' id='word_1_315' title='bbox 905 3624 925 3654; x_wconf 92' lang='lat' dir='ltr'>v.</span> <span class='ocrx_word' id='word_1_316' title='bbox 938 3609 967 3654; x_wconf 83' lang='lat' dir='ltr'>ad</span> <span class='ocrx_word' id='word_1_317' title='bbox 979 3609 996 3652; x_wconf 88' lang='lat'>1.</span> 
     </span>
     <span class='ocr_line' id='line_1_38' title="bbox 61 3670 995 3736; baseline -0.003 -16"><span class='ocrx_word' id='word_1_318' title='bbox 61 3675 193 3734; x_wconf 75' lang='lat' dir='ltr'>ligendum:</span> <span class='ocrx_word' id='word_1_319' title='bbox 204 3689 225 3720; x_wconf 85' lang='lat' dir='ltr'>v.</span> <span class='ocrx_word' id='word_1_320' title='bbox 234 3676 313 3722; x_wconf 87' lang='lat' dir='ltr'>Doctr.</span> <span class='ocrx_word' id='word_1_321' title='bbox 322 3690 356 3720; x_wconf 86' lang='lat' dir='ltr'>nr.</span> <span class='ocrx_word' id='word_1_322' title='bbox 365 3673 469 3734; x_wconf 80' lang='lat' dir='ltr'>Copolar.</span> <span class='ocrx_word' id='word_1_323' title='bbox 477 3675 510 3722; x_wconf 87' lang='lat' dir='ltr'>iii.</span> <span class='ocrx_word' id='word_1_324' title='bbox 546 3675 583 3720; x_wconf 90' lang='grc'><strong>21.</strong></span> <span class='ocrx_word' id='word_1_325' title='bbox 595 3672 633 3720; x_wconf 83' lang='grc'><strong>71.</strong></span> <span class='ocrx_word' id='word_1_326' title='bbox 645 3689 691 3733; x_wconf 85' lang='lat' dir='ltr'>spr.</span> <span class='ocrx_word' id='word_1_327' title='bbox 725 3670 758 3736; x_wconf 78' lang='lat'>(⁷)</span> <span class='ocrx_word' id='word_1_328' title='bbox 768 3676 803 3720; x_wconf 89' lang='lat' dir='ltr'>Sc.</span> <span class='ocrx_word' id='word_1_329' title='bbox 811 3688 852 3726; x_wconf 86' lang='lat' dir='ltr'>ea;</span> <span class='ocrx_word' id='word_1_330' title='bbox 870 3688 908 3732; x_wconf 89' lang='lat' dir='ltr'>np.</span> <span class='ocrx_word' id='word_1_331' title='bbox 918 3673 995 3718; x_wconf 79' lang='lat' dir='ltr'>studia</span> 
     </span>
     <span class='ocr_line' id='line_1_39' title="bbox 63 3736 993 3802; baseline -0.003 -18"><span class='ocrx_word' id='word_1_332' title='bbox 63 3741 99 3786; x_wconf 81' lang='lat'>18.</span> <span class='ocrx_word' id='word_1_333' title='bbox 140 3737 174 3802; x_wconf 88' lang='lat'>(⁴)</span> <span class='ocrx_word' id='word_1_334' title='bbox 196 3739 254 3786; x_wconf 84' lang='lat' dir='ltr'>Vide</span> <span class='ocrx_word' id='word_1_335' title='bbox 271 3741 301 3786; x_wconf 81' lang='lat' dir='ltr'>ad</span> <span class='ocrx_word' id='word_1_336' title='bbox 318 3740 334 3785; x_wconf 93' lang='lat' dir='ltr'>i.</span> <span class='ocrx_word' id='word_1_337' title='bbox 355 3740 391 3784; x_wconf 86' lang='grc'><strong>13.</strong></span> <span class='ocrx_word' id='word_1_338' title='bbox 410 3740 447 3784; x_wconf 89' lang='grc'><strong>40.</strong></span> <span class='ocrx_word' id='word_1_339' title='bbox 464 3755 509 3800; x_wconf 86' lang='lat' dir='ltr'>spr.</span> <span class='ocrx_word' id='word_1_340' title='bbox 546 3739 571 3784; x_wconf 90' lang='lat' dir='ltr'>in</span> <span class='ocrx_word' id='word_1_341' title='bbox 587 3739 671 3799; x_wconf 86' lang='lat' dir='ltr'>quibus</span> <span class='ocrx_word' id='word_1_342' title='bbox 683 3739 782 3786; x_wconf 87' lang='lat' dir='ltr'>antehac</span> <span class='ocrx_word' id='word_1_343' title='bbox 794 3736 993 3785; x_wconf 80' lang='lat' dir='ltr'>Ciafuissetver-</span> 
     </span>
     <span class='ocr_line' id='line_1_40' title="bbox 62 3801 994 3864; baseline -0.003 -12"><span class='ocrx_word' id='word_1_344' title='bbox 62 3801 96 3864; x_wconf 73' lang='lat'>(³)</span> <span class='ocrx_word' id='word_1_345' title='bbox 112 3805 148 3852; x_wconf 80' lang='lat' dir='ltr'>Cf.</span> <span class='ocrx_word' id='word_1_346' title='bbox 161 3805 230 3852; x_wconf 79' lang='lat' dir='ltr'>Brut.</span> <span class='ocrx_word' id='word_1_347' title='bbox 248 3807 270 3852; x_wconf 87' lang='lat'>5.</span> <span class='ocrx_word' id='word_1_348' title='bbox 284 3806 328 3861; x_wconf 75' lang='lat'>19,</span> <span class='ocrx_word' id='word_1_349' title='bbox 340 3806 355 3830; x_wconf 90' lang='lat'>“</span> <span class='ocrx_word' id='word_1_350' title='bbox 364 3805 509 3864; x_wconf 73' lang='lat' dir='ltr'>iampridem</span> <span class='ocrx_word' id='word_1_351' title='bbox 547 3814 623 3851; x_wconf 84' lang='lat' dir='ltr'>satus:</span> <span class='ocrx_word' id='word_1_352' title='bbox 641 3806 671 3850; x_wconf 78' lang='lat' dir='ltr'>cf.</span> <span class='ocrx_word' id='word_1_353' title='bbox 683 3805 714 3852; x_wconf 82' lang='lat' dir='ltr'>ad</span> <span class='ocrx_word' id='word_1_354' title='bbox 725 3805 752 3850; x_wconf 82' lang='lat' dir='ltr'>F.</span> <span class='ocrx_word' id='word_1_355' title='bbox 766 3804 804 3849; x_wconf 89' lang='lat' dir='ltr'>vii.</span> <span class='ocrx_word' id='word_1_356' title='bbox 817 3804 852 3850; x_wconf 78' lang='lat'>33.</span> <span class='ocrx_word' id='word_1_357' title='bbox 867 3801 897 3856; x_wconf 85' lang='grc'><strong>2.,</strong></span> <span class='ocrx_word' id='word_1_358' title='bbox 909 3803 923 3826; x_wconf 90' lang='grc'>“</span> <span class='ocrx_word' id='word_1_359' title='bbox 934 3801 994 3849; x_wconf 86' lang='lat' dir='ltr'>Mihi</span> 
     </span>
    </p>
   </div>
   <div class='ocr_carea' id='block_1_4' title="bbox 0 0 1269 4432">
    <p class='ocr_par' dir='ltr' id='par_1_4' title="bbox 0 0 1269 4432">
     <span class='ocr_line' id='line_1_41' title="bbox 0 0 1269 4432; baseline 0 0"><span class='ocrx_word' id='word_1_360' title='bbox 0 0 1269 4432; x_wconf 95' lang='lat' dir='ltr'> </span> 
     </span>
    </p>
   </div>
  </div>
 </body>
</html>
