2472 4432
272 336 310 394 62
615 334 671 394 DE
694 333 873 404 OFFlCIlS

272 492 448 579 principum
458 491 640 557 imitantur:
663 504 699 557 ut
716 491 757 556 L.
775 492 914 570 Luculli,
931 493 1047 556 summi
1068 493 1152 571 viri,
1176 518 1186 570 r

275 591 377 643 tutem
399 578 496 662 quis?
519 593 552 641 at
567 601 661 663 quam
675 577 768 641 multi
784 578 928 642 villarum
943 579 1186 665 magnificenti

273 674 347 728 sunt
369 663 501 728 imitati!
531 685 663 748 quarum
686 663 812 749 quidem
836 675 920 728 certe
943 675 991 728 est
1016 663 1186 730 adhibent

273 747 382 812 modus
396 748 436 812 ad
449 748 756 834 mediocritatemque
774 749 979 813 revocandus.
1029 750 1186 836 Eademq

273 834 466 898 mediocritas
476 834 515 898 ad
536 858 662 900 omnem
677 856 769 898 usum
784 835 967 920 cultumque
980 834 1069 900 vitae
1089 849 1186 901 trans

274 919 371 984 renda
384 931 442 984 est.
490 921 554 985 Sed
567 919 818 986 haechactenus.
866 925 936 985 141.
953 919 991 984 In
1003 923 1099 986 omni
1118 935 1186 988 aut<

274 1005 397 1070 actione
419 1006 616 1092 suscipienda
642 1006 700 1070 tria
723 1017 797 1070 sunt
823 1007 978 1083 tenenda3
1001 1008 1167 1093 primum,

275 1092 432 1177 appetitus
453 1092 567 1155 rationi
588 1103 707 1177 pareat,
723 1114 787 1176 quo
809 1091 887 1156 nihil
902 1103 950 1156 est
963 1092 1003 1156 ad
1018 1094 1137 1157 officia
1153 1115 1186 1157 cc

276 1177 427 1240 servanda
440 1177 704 1242 accommodatius
716 1201 725 1253 ;
749 1176 873 1255 deinde,
884 1190 920 1242 ut
931 1179 1186 1244 animadvertat}

275 1273 395 1346 quanta
414 1262 470 1326 illa
490 1286 539 1326 res
565 1263 615 1342 sit,
639 1285 734 1348 quam
756 1263 877 1328 efficere
898 1263 1045 1340 velimus,
1064 1277 1107 1330 ut
1120 1287 1186 1328 nen

276 1348 374 1432 major
398 1371 477 1413 neve
502 1350 603 1413 minor
625 1371 698 1413 cura
722 1359 755 1413 et
776 1370 871 1434 opera
892 1349 1099 1434 suscipiatur,
1126 1373 1186 1436 qua

277 1455 370 1497 causa
384 1435 540 1520 postulet:
564 1435 690 1499 tertium
705 1446 763 1512 est,
775 1445 813 1498 ut
828 1457 1004 1511 caveamuS,
1016 1449 1056 1500 ut
1071 1459 1126 1514 ea,
1142 1459 1186 1521 qu

277 1520 435 1604 pertinent
458 1520 496 1585 ad
520 1519 678 1585 liberalem
693 1519 829 1606 speciem
843 1531 876 1584 et
890 1520 1093 1606 dignitatem,
1113 1521 1186 1586 mod

276 1616 345 1670 rata
365 1606 437 1673 sint.
485 1607 603 1670 Modus
624 1617 729 1669 autem
753 1605 890 1690 optimus
915 1618 962 1669 est
988 1607 1089 1671 decus
1116 1609 1186 1694 ipsu

277 1702 393 1770 tenere,
419 1692 457 1758 de
482 1715 545 1778 quo
570 1703 643 1756 ante
669 1691 815 1768 diximus,
840 1714 897 1755 nec
912 1692 1060 1778 progredi
1075 1692 1186 1793 longit

280 1777 404 1842 Horum
427 1790 532 1843 tamen
547 1779 641 1840 trium
656 1777 958 1862 praestantissimum
973 1788 1021 1841 est
1035 1792 1186 1865 appetitu

278 1862 491 1950 obtemperare
505 1863 627 1928 rationi.

325 1949 403 2010 XL.
431 1953 500 2011 142.
524 1948 683 2032 Deinceps
705 1947 743 2012 de
758 1947 864 2012 ordine
880 1971 983 2011 rerum
997 1960 1029 2013 et
1046 1949 1085 2012 de
1102 1972 1186 2050 oppo

277 2032 413 2096 tunitate
424 2043 597 2118 temporum
604 2032 768 2097 dicendum
780 2045 837 2097 est.
867 2033 955 2097 Haec
967 2045 1075 2098 autem
1084 2051 1186 2099 scient

279 2117 490 2181 continentur¹
504 2141 549 2195 ea,
565 2141 661 2203 quam
676 2119 791 2183 Graeci
806 2119 949 2194 εὐταξίαν
959 2123 1136 2198 nominant,
1153 2143 1186 2184 nc

278 2202 383 2281 hanc²,
406 2221 501 2288 quam
522 2205 761 2290 interpretamur
777 2205 971 2282 modestiam,
990 2228 1053 2290 quo
1069 2205 1102 2268 in
1122 2207 1186 2270 verl

277 2290 389 2353 modus
410 2289 510 2354 inest:
534 2290 589 2353 sed
610 2290 664 2354 illa
686 2301 733 2354 est
748 2289 883 2370 εὐταξία,
899 2290 931 2354 in
948 2312 1011 2375 qua
1026 2291 1186 2379 intelligitr

278 2375 393 2440 ordinis
415 2376 619 2440 conservatio.
667 2375 790 2461 ltaque,
812 2389 848 2441 ut
865 2377 1005 2440 eamdem
1020 2399 1077 2440 nos
1092 2379 1186 2441 moder

280 2461 356 2525 tiam
371 2461 587 2546 appellemus³,
604 2462 649 2527 sic
671 2461 850 2526 delinitura
867 2461 994 2540 StoiciS,
1012 2473 1047 2525 ut
1062 2463 1186 2527 modesti

281 2547 322 2610 sit
343 2547 473 2611 scientia
493 2571 596 2611 rerum
610 2569 727 2622 earum,
745 2569 825 2632 quae
840 2558 974 2634 agentur
988 2559 1043 2612 aut
1057 2548 1186 2613 dicentur

281 2633 350 2697 loco
366 2655 423 2696 suo
438 2634 698 2698 collocandorum.
746 2633 796 2696 lta
812 2633 933 2697 videtur
947 2634 1054 2698 eadem
1069 2634 1116 2698 vis
1131 2635 1186 2698 ordi

282 2719 330 2783 nis
353 2731 384 2782 et
406 2719 620 2784 collocationis
642 2721 717 2783 fore.
763 2718 849 2785 Nam
863 2719 909 2782 et⁴
923 2719 1062 2783 ordinem
1078 2721 1121 2784 sic
1136 2719 1186 2784 del

281 2805 383 2882 niunt,
412 2805 668 2891 compositionem
689 2827 791 2868 rerum
816 2804 897 2891 aptis
919 2816 950 2868 et
972 2805 1186 2870 accommodati

282 2890 370 2956 locis.
417 2891 541 2954 Locum
562 2904 666 2955 autem
687 2890 818 2955 actionis
844 2890 1108 2977 opportunitatem
1132 2904 1186 2956 tem

283 3103 377 3148 genere,
395 3088 420 3135 in
438 3089 481 3134 hac
501 3102 533 3134 re.
568 3088 599 3133 Et
617 3088 649 3133 sic
669 3087 728 3147 Reg.
801 3087 852 3133 XL.
876 3084 910 3148 (¹)
930 3087 966 3132 Al.
989 3087 1186 3137 Hac..continetut

284 3168 378 3207 omnes3
403 3155 432 3199 al.
456 3156 480 3199 in
497 3155 555 3199 hanc
569 3159 673 3212 partem:
700 3152 728 3198 cf.
769 3149 803 3214 (¹)
824 3153 852 3201 n.
872 3153 893 3198 2.
912 3153 1007 3212 quidem
1026 3168 1067 3199 non
1080 3155 1126 3200 lac.
1158 3157 1186 3200 Ser

287 3218 360 3264 Tacit.
372 3221 400 3265 dc
411 3220 475 3264 Orat.
490 3220 532 3272 18,
545 3219 631 3268 “Quos
639 3219 728 3264 utinam
768 3217 861 3264 videtur
873 3218 1048 3277 Auctorparum
1056 3218 1151 3264 animum
1160 3220 1184 3266 ad

284 3297 315 3329 ne
326 3285 350 3329 in
359 3284 401 3329 illa
413 3289 481 3342 porte
490 3283 594 3328 imitatus
605 3283 728 3329 essetCal·
769 3290 861 3329 vertens
879 3285 975 3329 verbum
995 3284 1104 3330 nominant
1118 3293 1186 3333 temen

284 3363 327 3393 vus
334 3349 435 3402 vester;'’
443 3357 467 3395 et
475 3349 729 3408 Cic.proRosc.Am.46.
770 3349 913 3408 respexisse;
930 3348 1022 3408 qualem
1039 3349 1102 3408 plane
1114 3351 1186 3410 lapsun

287 3412 348 3469 135,
360 3414 489 3460 “Tametsi
504 3428 556 3459 meo
564 3416 617 3474 Jure
627 3428 729 3473 possum,
770 3413 853 3459 calami
860 3415 909 3474 jam
921 3413 946 3458 in
958 3414 1025 3459 codd.
1034 3414 1186 3474 deprehenditis

285 3479 305 3524 si
316 3479 372 3538 quid
383 3481 408 3525 in
422 3480 465 3524 hac
474 3484 542 3538 parte
552 3479 609 3524 mihi
620 3493 667 3524 non
678 3479 729 3538 pla·
769 3477 801 3524 N.
822 3478 853 3524 D.
873 3477 897 3523 ii.
915 3478 953 3523 24.
971 3479 1024 3525 62.ι
1041 3487 1114 3539 estque
1128 3482 1186 3528 sinit

285 3538 506 3604 ceat,vituperare.¹'
539 3540 581 3604 (¹⁸)
594 3542 629 3589 Cf.
638 3546 670 3590 ad
678 3545 705 3589 F.
712 3544 727 3591 i.
769 3543 882 3602 quiddam
893 3543 963 3588 etiam
973 3543 1000 3589 de
1012 3543 1084 3588 Μ.
1094 3545 1120 3600 6.,
1132 3546 1186 3593 Tleo

183 3632 187 3644 ·
286 3611 308 3655 9.
323 3611 368 3666 19.,
379 3611 394 3634 “
404 3611 461 3655 Peto
472 3622 486 3653 a
497 3615 527 3664 te,
535 3617 561 3653 ut
569 3609 593 3654 id
605 3623 619 3653 a
629 3623 667 3654 me
675 3624 729 3656 neoc
766 3608 885 3667 parastum
895 3608 971 3653 :adde
980 3608 1015 3653 isr.
1025 3607 1036 3665 ξ
1047 3608 1093 3654 llo.
1111 3607 1140 3670 (³)
1149 3612 1164 3657 l.
1173 3627 1186 3657 e.

283 3675 308 3722 in
325 3676 369 3723 hoc
384 3689 424 3722 reo
438 3688 491 3721 oete
508 3671 591 3719 inaliis
602 3673 729 3734 requiras.”
769 3672 838 3720 liceat
854 3673 978 3734 appellare.
1013 3669 1045 3734 (⁴)
1061 3673 1158 3735 copulam
1171 3687 1186 3723 et
