2450 4478
389 419 467 478 LlB.
490 418 548 478 111.
570 418 662 479 CAP.
684 419 730 476 12.
966 417 1022 476 129

53 577 215 643 maxime
226 576 315 642 bello
330 577 451 642 Punico
462 578 617 654 secuud03
633 598 713 663 quae
726 574 886 642 Cannensi
896 574 1022 640 calami-

55 675 133 728 tate
163 677 306 750 accepta
328 665 459 749 majores
483 665 603 728 animos
621 662 744 738 habuit,
762 684 858 746 quam
873 683 1022 746 umquam

55 750 168 814 rebus
184 748 356 814 secundis:
379 750 465 814 nulla
479 750 599 814 timoris
614 747 815 834 significatio,
833 747 920 811 nulla
935 769 1022 811 men-

56 835 110 898 tio
129 835 242 922 pacis.
290 835 397 900 Tanta
411 835 458 900 vis
473 849 520 900 est
532 834 667 911 honesti,
681 847 717 898 ut
726 833 862 920 speciem
874 832 1022 898 utilitatis

56 921 239 986 obscuret.
278 925 332 986 48.
355 921 564 985 Athenienses
576 943 673 1006 quum
687 920 853 984 Persarum
868 919 1021 1004 impetum

57 1007 165 1070 nullo
192 1005 290 1070 modo
313 1017 440 1093 possent
463 1007 614 1071 sustinere
630 1017 876 1090 statuerantque,
893 1017 929 1068 ut
944 1005 1021 1069 urbe

59 1093 200 1169 relicta,
215 1093 408 1179 conjugibus
419 1104 451 1157 et
463 1092 569 1157 liberis
577 1093 740 1156 Troezene
752 1091 911 1176 depositis,
925 1114 1021 1156 naves

61 1178 329 1243 conscenderent
353 1178 592 1264 libertatemque
616 1177 771 1242 Graeciae
794 1177 892 1241 classe
913 1176 1021 1241 defen-

62 1265 200 1340 derent,
223 1263 384 1349 Cyrsilum
410 1264 577 1349 quemdam
602 1262 796 1339 suadentem,
820 1274 855 1326 ut
881 1261 914 1325 in
940 1264 1018 1327 urbe

63 1361 246 1414 manerent
262 1349 467 1435 Xerxemque
479 1350 663 1435 reciperent,
681 1348 837 1434 lapidibus
852 1370 1021 1434 cooperue-

66 1433 177 1498 runt⁵.
227 1434 348 1520 Atque⁷
363 1436 416 1499 ille
432 1436 596 1500 utilitatem
613 1435 703 1519 sequi
714 1433 893 1498 videbatur:
917 1433 972 1497 sed
983 1457 1020 1499 ca

66 1521 167 1584 nulla
183 1533 264 1597 erat,
275 1533 471 1608 repugnante
483 1520 656 1586 honestate.
701 1523 754 1586 49.
780 1519 1019 1596 Themistoclea,

68 1621 151 1706 post
167 1606 332 1671 victoriam
347 1608 417 1692 ejus
431 1607 530 1685 belli⁸,
542 1607 627 1692 quod
642 1628 713 1668 curn
732 1604 836 1668 Persis
851 1604 921 1680 fuit,
939 1605 1020 1670 dixit

67 1714 104 1755 1n
132 1692 300 1768 concione,
325 1714 357 1755 se
381 1691 496 1758 habere
519 1692 684 1757 consilium
706 1690 751 1754 rei
773 1690 919 1776 publicae
934 1690 1019 1753 salu-

70 1793 156 1854 tare,
175 1777 230 1840 sed
255 1777 288 1840 id
313 1777 385 1841 sciri
407 1800 485 1864 opus
500 1801 563 1842 non
580 1801 659 1842 esse.
706 1775 897 1854 Postulavit,
913 1788 949 1838 ut
964 1777 1019 1840 ali-

70 1885 175 1948 quem
197 1862 335 1948 populus
356 1863 453 1942 daret,
493 1866 598 1928 uicum
613 1861 868 1928 communicaret.
914 1860 1019 1926 Datus

71 1960 125 2016 est
144 1947 311 2012 Aristides.
358 1949 444 2014 Huic
459 1887 523 2028 ille,
538 1949 669 2014 classem
686 1946 1015 2026 Lacedaemoniorum,

72 2056 159 2119 quae
173 2034 329 2098 subducta
339 2045 421 2099 esset
432 2035 482 2100 ad⁹
495 2035 527 2100 G
553 2034 672 2112 theum,
684 2034 765 2099 clam
773 2033 898 2098 incendi
905 2055 996 2121 posse
1009 2059 1017 2110 3

76 2142 145 2206 quo
185 2119 271 2184 facto
301 2120 405 2208 frangi
432 2059 755 2186 Lacedaemoniorum
784 2142 860 2206 opes
888 2142 1016 2184 necesse

76 2205 201 2270 esset¹⁰.
265 2205 361 2279 Quod
385 2207 538 2271 Aristides
560 2229 659 2292 quum
678 2206 827 2282 audisset,
845 2207 877 2268 in
893 2206 1019 2269 concio-

74 2313 151 2354 nem
166 2313 286 2377 magna
298 2292 531 2376 exspectatione
544 2293 630 2358 venit
639 2291 792 2376 dixitque,
805 2289 939 2377 perutile
951 2313 1019 2354 esse

75 2376 258 2454 consilium,
284 2377 367 2462 quod
395 2376 628 2442 Themistocles
657 2377 790 2452 afferret,
815 2375 869 2440 sed
890 2374 1018 2438 minime

75 2460 260 2526 honestum.
309 2463 420 2548 ltaque
438 2462 657 2540 Athenienses,
674 2462 758 2548 quod
773 2462 940 2526 honesturn
955 2483 1018 2524 non

75 2560 171 2625 esset,
188 2547 222 2611 id
237 2569 278 2611 ne
293 2548 370 2612 utile
384 2549 510 2632 quidem
533 2561 745 2634 putaverunt;
768 2559 928 2632 totamque
949 2568 1018 2610 eam

75 2655 154 2710 rem,
172 2655 270 2719 quam
285 2655 324 2697 ne
336 2634 496 2699 audierant
511 2635 648 2720 quidem,
663 2645 790 2698 auctore
809 2632 956 2709 Aristide,
970 2655 1018 2696 re-

76 2719 303 2802 pudiaverunt.
348 2719 468 2784 Melius
490 2719 535 2796 hi,
553 2742 647 2804 quam
671 2742 739 2797 nos,
756 2719 809 2804 qui
825 2719 940 2805 piratas
960 2718 1018 2782 im-

76 2827 200 2881 munes
218 2805 318 2868 socios
335 2805 504 2893 vectigales
518 2805 682 2870 habemus.

123 2891 214 2954 XII.
241 2889 382 2956 Maneat¹
405 2915 492 2978 ergo,
516 2893 601 2977 quod
624 2903 715 2976 turpe
730 2893 781 2966 sit,
799 2889 829 2953 id
845 2909 1017 2974 numquam

76 2999 145 3040 esse
160 2975 252 3051 utile,
269 2998 308 3039 ne
331 2991 398 3040 tum
420 2977 557 3062 quidem,
574 2999 673 3062 quum
696 2975 739 3052 id,
756 2975 841 3060 quod
856 2997 924 3038 esse
938 2973 1017 3038 utile

75 3074 181 3146 putee,
199 3060 382 3147 adipiscare.
422 3063 495 3127 Hoc
504 3062 589 3126 enim
598 3063 711 3149 ipsum,
725 3061 804 3126 utile
813 3072 923 3146 putare
932 3059 1017 3145 quod

75 3163 169 3234 turpe
184 3147 237 3225 sit,
255 3147 471 3212 calamitosum
485 3159 543 3212 est.
587 3153 642 3212 50.
669 3147 732 3212 Sed
750 3147 902 3226 incidunt,
919 3159 954 3210 ut
965 3167 1018 3209 su-

76 3335 108 3400 (5)
120 3341 159 3386 Sic
170 3338 255 3399 optimi
267 3339 334 3385 libri:
352 3341 381 3387 al.
395 3342 526 3388 obruerant.
566 3344 595 3389 de
609 3344 637 3388 D.
649 3343 664 3389 i.
673 3342 711 3388 2⁵.
722 3343 777 3395 sa,
794 3343 854 3389 adde
865 3344 893 3388 de
905 3342 944 3389 Or.
957 3342 982 3388 ii.
992 3344 1015 3388 6.

77 3401 111 3465 (⁷)
124 3405 185 3450 Vict.
194 3405 274 3464 Atqui.
308 3402 343 3466 (⁸)
357 3404 529 3466 interpretatur
567 3408 614 3462 22,
624 3408 660 3452 14.
673 3409 711 3452 60.
729 3407 775 3468 (¹⁰)
784 3409 883 3454 Volebat
892 3408 1017 3454 Ernestius

76 3470 207 3527 genitivum
221 3469 308 3525 Pearc,
323 3472 410 3528 “quod
422 3479 526 3531 reporta·
566 3487 622 3525 erre,
643 3472 748 3527 frustrer
773 3482 798 3519 ut
820 3473 906 3520 frustra
924 3473 1017 3531 scripsit

76 3543 113 3580 rat
129 3536 154 3580 in
166 3548 195 3580 eo
207 3534 291 3580 bello.”
309 3534 345 3582 01.
360 3551 403 3594 pro
414 3537 477 3582 Mur.
491 3538 527 3583 14.
567 3537 629 3582 idem
642 3538 772 3598 contingere
784 3539 807 3584 in
820 3539 896 3586 illude
909 3537 939 3582 N.
953 3537 983 3582 D.
990 3537 1016 3581 ii.

78 3600 124 3654 31.,
139 3601 249 3646 uictoriae
268 3615 343 3646 eorum
366 3602 488 3653 bellorumr
505 3609 529 3648 et
573 3604 609 3647 16.
625 3602 678 3647 rt:
696 3604 724 3648 cl.
742 3605 770 3650 de
787 3605 814 3652 F.
827 3605 841 3650 i.
855 3605 877 3650 9.
890 3604 935 3653 30..
947 3601 977 3645 iv.
991 3599 1012 3646 7.

78 3665 162 3710 lartio.
176 3663 216 3710 xii.
232 3665 268 3709 16.
278 3665 310 3720 6.,
320 3667 418 3712 uictoria
430 3667 484 3712 belli
493 3667 527 3712 11-
570 3668 622 3713 la:
640 3667 686 3712 vid.
699 3669 813 3716 Dietrici.
829 3671 870 3719 Qu.
886 3669 926 3714 Gr·
942 3679 964 3724 p·
979 3665 1014 3709 1⁰·

79 3729 153 3788 lyrici.
187 3724 222 3790 (⁹)
241 3727 277 3775 Cf.
294 3729 331 3775 isr.
352 3731 390 3775 31.
414 3731 529 3786 112,αό
599 3729 1014 3794 xli.(¹)cf.proMtt4.11.apud

81 3793 397 3848 raanan..auerim,·
414 3797 482 3855 plura
496 3795 526 3843 ad
567 3797 590 3846 J.
613 3797 640 3845 F.
664 3799 745 3855 ilaus,
774 3799 946 3859 “Quapropter
969 3793 1014 3838 hoc
