2450 4478
205 371 261 432 lta
538 370 597 431 DE
619 369 801 433 OFFICIIS

251 530 395 594 XXIV.
414 529 514 594 Pacta
529 541 561 595 et
571 531 724 617 promissa
735 553 899 619 semperne
908 529 1065 594 servanda
1073 528 1151 606 sint,

207 637 293 688 evan
313 635 382 680 unc
398 635 432 678 vr
455 635 523 680 unc
544 637 637 682 nono
663 637 770 695 mano,
795 629 831 681 ut
851 627 1010 703 praetores
1033 616 1151 690 solent,

205 723 314 766 ruera
333 702 440 766 stur?
488 703 522 766 Si
537 703 609 788 quis
624 701 885 768 medicamentum
901 701 1042 788 cuipiam
1056 701 1154 767 dede-

204 789 245 852 rit
258 788 298 852 ad
313 807 428 872 aquam
442 787 639 852 intercuteml
652 789 882 876 pepigeritque,
905 809 946 852 ne
969 787 1027 851 illo
1052 787 1154 852 medi-

205 883 348 938 camento
372 894 522 959 umquam
547 887 659 960 postea
681 885 844 951 uteretur3
878 873 919 938 si²
943 896 983 938 eo
1011 873 1154 938 medim-

204 971 312 1024 mento
338 979 432 1023 sanus
455 960 558 1024 factus
578 959 673 1025 fuerit
688 970 720 1025 et
735 961 826 1025 annis
841 960 963 1060 aliquot
978 971 1054 1045 post
1072 959 1154 1029 inci-

205 1044 285 1110 derit
298 1045 332 1108 in
347 1045 491 1110 eumdem
507 1046 662 1124 morbum,
687 1068 746 1112 nec
769 1045 810 1111 ab
834 1069 882 1124 eo,
907 1067 1039 1131 qmoum
1060 1044 1153 1132 pepi-

229 1141 307 1208 erat,
332 1131 488 1217 impetret,
513 1143 549 1196 ut
563 1131 678 1196 iterum
691 1154 730 1196 eo
750 1132 845 1196 liceat
858 1131 916 1209 uti,
940 1131 1017 1218 quid
1033 1131 1154 1196 facien·

204 1153 281 1280 dum
291 1216 343 1282 sit.
391 1217 500 1292 Quum
511 1218 552 1281 sit
562 1217 590 1281 is
603 1217 805 1295 inhumanus,
829 1217 958 1303 quinon
969 1217 1141 1282 concedat³

204 1323 264 1368 nec
275 1301 305 1368 ei
319 1302 490 1389 quidquam
505 1302 561 1368 liat
574 1303 718 1390 injuriae,
732 1303 817 1368 vitae
829 1314 862 1368 et
872 1303 969 1368 saluti
980 1303 1152 1368 consulen-

205 1388 291 1452 dum.
335 1394 387 1456 93.
416 1389 529 1464 Quid?
552 1389 578 1454 si
592 1388 647 1476 qui
670 1390 795 1476 sapiens
820 1400 950 1477 rogatus
973 1388 1015 1453 sit
1042 1389 1150 1466 abeo,

205 1473 260 1575 qui
276 1496 348 1539 eum
363 1473 510 1540 heredem
531 1475 635 1553 faciat,
660 1497 759 1560 quum
780 1475 811 1539 ei
825 1486 1017 1540 testamento
1035 1485 1154 1539 sester-

205 1561 288 1625 trtlm
303 1560 417 1626 millies
432 1561 635 1646 relinquatur,
659 1572 696 1627 ut
708 1573 794 1639 ante,
842 1583 914 1625 uam
940 1559 1152 1624 hereditatem

204 1646 309 1725 adeat,
335 1646 404 1712 luce
419 1648 524 1734 palam
541 1648 573 1710 in
589 1647 656 1712 foro
669 1647 788 1725 saltet⁴‚
812 1584 908 1733 idque
930 1667 963 1712 se
989 1647 1153 1711 facturum

205 1733 392 1818 promiserit,
417 1733 502 1820 quod
516 1733 608 1798 aliter
632 1732 778 1798 heredem
800 1755 871 1797 eum
894 1731 1070 1819 scripturus
1091 1731 1152 1796 ille

203 1841 267 1884 non
297 1831 398 1895 esset;
430 1819 534 1898 faciat,
568 1819 652 1905 quod
674 1819 861 1906 promiserit,
893 1819 1022 1882 necne?
1069 1817 1153 1882 Pro-

205 1904 329 1968 misisse
344 1904 483 1979 nollem3
500 1917 533 1969 et
546 1904 579 1968 id
593 1905 727 1970 arbitror
740 1903 837 1969 fuisse
845 1904 1023 1990 gravitatis·
1056 1904 1150 1978 Quo-

204 1991 289 2054 niam
305 1991 457 2074 promisit,
481 1989 508 2052 si
531 1989 645 2054 saltare
659 1991 693 2054 in
708 1993 776 2055 foro
790 2001 882 2076 turpe
905 1989 1008 2068 ducet,
1033 1987 1152 2054 hones-
1213 2049 1214 2054 ,

205 2074 270 2138 tius
285 2074 465 2150 mentietur,
490 2075 516 2139 si
528 2096 568 2138 ex
579 2073 753 2140 hereditate
767 2075 846 2140 nihil
861 2075 990 2161 ceperit,
1008 2097 1107 2161 quam
1123 2077 1152 2140 si
1213 2067 1214 2108 ³

204 2159 355 2246 ceperit⁵r
372 2159 431 2224 nisi
441 2160 520 2224 forte
536 2182 605 2224 eam
619 2162 786 2247 pecuniam
799 2161 832 2226 in
844 2161 889 2224 rei
899 2161 1048 2247 publicae
1057 2183 1151 2249 mag-

206 2267 284 2309 num
299 2246 426 2333 aliquod
437 2245 576 2332 tempus⁶
591 2247 758 2312 contulerit
768 2272 777 2324 ;
788 2258 826 2313 ut
840 2247 891 2312 vel
906 2246 1032 2325 saltare,
1049 2269 1151 2334 quum

203 2333 324 2419 patriae
339 2331 537 2397 consulturus
552 2332 614 2411 sit,
629 2343 721 2420 turpe
734 2356 798 2398 non
814 2333 866 2398 sit.

252 2418 375 2482 XXV.
401 2421 454 2485 94.
482 2419 531 2482 Ac
546 2441 586 2484 ne
599 2419 655 2484 illa
669 2419 796 2504 quidem
820 2417 974 2506 promissa
996 2419 1152 2484 servanda

205 2515 288 2582 sunt,
313 2525 394 2590 quae
410 2526 473 2567 non
488 2516 562 2570 sunt
576 2505 615 2570 iis
640 2505 715 2628 ipsis
730 2505 831 2584 utilia,
856 2503 971 2591 quibus
996 2504 1054 2570 illa
1074 2527 1151 2592 pro-

204 2589 335 2653 miseris.
384 2588 439 2654 Sol
460 2589 655 2657 Phaethonti
691 2591 767 2669 lilio,
792 2603 829 2657 ut
852 2590 1015 2655 redeamus
1035 2591 1076 2656 ad
1101 2593 1151 2656 fa·

204 2674 306 2752 bulas,
340 2676 497 2742 facturum
526 2701 559 2742 se
589 2699 657 2743 esse
685 2677 777 2755 dixit,
813 2676 967 2762 quidquid
991 2689 1148 2762 optasset.

210 2760 357 2847 Optavit,
381 2773 417 2827 ut
443 2762 475 2826 in
501 2785 627 2828 currum
647 2764 744 2850 patris
768 2762 944 2828 tolleretur.
992 2763 1150 2829 Sublatus

204 2859 272 2923 est3
296 2858 391 2934 atque
404 2848 445 2913 is²
464 2862 635 2934 antequam
650 2849 803 2928 constitit,
820 2849 886 2913 ictu
900 2848 1041 2914 fulminis
1052 2849 1150 2914 defla-

206 2933 322 3020 gravit.
370 2934 501 3009 Quanto
515 2935 627 3001 melius
640 2936 744 3000 fuerat
755 2935 788 2999 in
803 2933 877 3000 hoc³
913 2934 1081 2999 romissum
1092 2958 1149 3022 pa-

204 3019 260 3083 tris
272 3041 336 3084 non
346 3042 414 3086 esse
424 3021 601 3087 servatumi
642 3021 755 3096 Quid?
771 3021 857 3108 quod
900 3019 1026 3085 hescus⁴
1038 3021 1149 3110 exegit

236 3215 328 3263 XXIV.
341 3214 374 3278 (¹)
387 3218 446 3264 l'uta
455 3217 595 3278 pellendam,
607 3218 654 3265 dit·
693 3219 715 3265 ai
726 3218 813 3276 ceperit
827 3217 895 3264 codd.
915 3216 1018 3276 aliquot:
1041 3218 1147 3266 frustra:

204 3280 345 3328 cutiendam.
381 3279 413 3343 (⁹)
424 3284 482 3330 Vide
491 3283 550 3329 adli.
560 3284 653 3344 30.spr.
694 3281 1076 3344 ct22.87.spr.,quamrenatua
1111 3278 1147 3346 (⁶)

204 3343 238 3409 (³)
249 3345 269 3392 l.
281 3361 301 3393 e.
314 3362 387 3408 quum
398 3349 428 3395 sit
439 3349 466 3406 is,
477 3348 518 3409 qui
538 3363 585 3394 non
602 3364 654 3396 cou-
694 3347 729 3395 Cf.
738 3349 767 3396 aa
778 3349 807 3396 1..
816 3348 849 3397 ili.
860 3349 896 3394 19.
909 3349 956 3402 ta,
969 3349 984 3372 “
992 3347 1103 3396 maximis
1112 3349 1146 3395 rei

203 3413 272 3467 cedit,
288 3411 440 3468 inhumanus,
448 3429 487 3474 np.
497 3428 525 3461 co
533 3414 583 3474 ipso
591 3415 654 3474 quod
693 3413 800 3475 publicae
812 3415 948 3473 temporibus
963 3420 1056 3473 praesto
1071 3410 1146 3460 esse.¹’

205 3491 253 3524 non
264 3478 388 3525 concedat:
397 3479 428 3524 cf.
441 3481 473 3526 od
490 3479 518 3526 F.
539 3494 561 3526 v.
580 3480 602 3526 2.
622 3481 654 3535 9.,
727 3479 801 3527 XXV.
815 3473 849 3540 (¹)
862 3479 926 3524 Haec
936 3477 1094 3525 inversiculoe
1105 3493 1145 3525 co·

206 3541 244 3590 la.
257 3544 279 3589 2.
291 3552 359 3599 extr„
370 3543 409 3589 vii.
427 3543 464 3590 10.
476 3543 508 3600 t..
520 3545 557 3591 28.
572 3546 601 3599 1.,
613 3545 651 3592 30.
693 3558 748 3604 gere
758 3545 838 3592 studet
847 3544 920 3590 Heus.
958 3537 992 3604 (¹)
1010 3543 1085 3590 codd.
1102 3543 1145 3590 ali·

204 3609 225 3656 1.
253 3606 286 3670 (⁴)
298 3608 333 3656 Cf.
343 3624 385 3670 pro
393 3607 457 3656 Mur.
470 3610 492 3656 6.
503 3609 547 3666 1³„
555 3609 652 3656 “Nemo
694 3618 752 3669 quot
768 3609 880 3656 mendose
893 3615 963 3670 atque
979 3611 1082 3664 intentu,
1098 3623 1145 3670 pua

203 3673 514 3730 enimlereraltatsobrius,
533 3674 578 3720 nisi
593 3673 653 3721 sorte
694 3675 804 3720 constitit.
838 3669 1086 3788 5³²)lntelligoinhor
1103 3675 1142 3719 ho·

203 3738 314 3787 incentu*
344 3736 377 3803 (⁵)
390 3739 653 3801 Omittunthaecquam
694 3739 761 3796 miae,
777 3738 838 3788 iure
865 3740 917 3802 ujus
926 3737 1034 3786 hominis.
1063 3734 1099 3800 (⁴)
1108 3737 1142 3785 Cf.
