2472 4432
252 367 291 426 aa
594 339 846 426 naorncns

254 526 346 613 pidus
360 524 406 588 in⁹
420 522 636 609 perspicienda
651 524 930 612 cognoscendaque
945 547 1053 590 rerum
1068 540 1206 606 naturam

254 625 299 689 nt,
313 613 339 675 si
354 611 383 673 ei
397 609 545 674 tractanti
561 611 851 696 contemplantique
862 635 910 676 res
923 634 960 676 co
985 612 1113 678 nitione
1128 617 1206 706 dig-q

254 697 395 762 nissimas
410 694 515 758 subito
531 695 571 758 sit
591 695 746 760 allatum¹⁰
761 697 935 782 periculum
959 636 1202 786 discrimenque

252 782 379 868 patriae,
404 781 454 844 cui
481 781 646 846 subvenire
676 781 886 868 opitularique
910 784 1023 868 possit,
1049 807 1118 848 non
1144 788 1206 864 illar

252 869 356 932 omnia
371 867 530 951 relinquat
543 879 638 952 atque
657 866 796 945 ab'iciat,
821 869 915 934 etiam
937 869 963 934 si
988 869 1206 940 dinumrearei

252 977 286 1018 se
301 953 406 1018 stellas
421 966 476 1018 aut
490 953 593 1018 metiri
607 890 715 1015 mundi
730 954 979 1040 magnitudinem
999 977 1097 1040 posse
1114 959 1206 1022 arbi-t

251 1050 351 1104 tretur
366 1040 382 1102 P
427 1039 535 1124 Atque
549 1036 610 1102 boc
624 1038 704 1102 idem
717 1038 749 1102 in
761 1040 907 1123 parentis,
931 1040 965 1103 in
981 1041 1127 1107 amicire
1141 1055 1206 1108 aut

252 1124 390 1210 periculo
404 1125 523 1190 feccrit.
572 1129 642 1187 155.
661 1123 787 1198 Quibus
801 1125 894 1189 rebus
903 1126 1109 1212 intelligitur,
1129 1141 1206 1196 stu-r

252 1210 311 1274 diis
326 1210 497 1295 officiisque
512 1209 661 1274 scientiae
675 1210 895 1294 praeponenda
918 1233 986 1275 esse
1004 1213 1113 1278 officia
1125 1215 1206 1299 jus-1

251 1296 350 1374 titiae,
374 1318 455 1381 quae
475 1297 631 1381 pertinent
656 1295 696 1358 ad
720 1293 884 1359 hominum
910 1296 1104 1376 utilitatem3
1131 1323 1206 1385 qua¹

252 1381 330 1445 nihil
345 1381 464 1446 homini
479 1403 547 1445 esse
561 1380 654 1445 debet
668 1380 860 1465 antiquius¹¹.

298 1467 433 1532 XLIV.
459 1469 565 1553 Atque
588 1466 645 1542 illi,
670 1488 805 1551 quorum
819 1467 923 1530 studia
939 1468 1069 1553 vitaque
1086 1473 1194 1536 omnis

184 1610 186 1616 .
249 1557 282 1619 in
298 1577 402 1619 rerum
418 1555 597 1640 cognitione
613 1565 735 1615 versata
750 1563 807 1628 est,
832 1563 939 1616 tamen
963 1554 1002 1618 ab
1031 1557 1193 1642 augendis

251 1639 411 1704 hominum
427 1638 616 1703 utilitatibus
638 1649 670 1701 et
695 1637 866 1702 commodis
891 1661 954 1701 non
977 1659 1193 1707 recesserunt.

253 1726 337 1790 Nam
352 1727 393 1791 et¹
409 1725 608 1789 erudiverunt
623 1723 750 1798 multos,
775 1745 838 1808 quo
859 1724 1003 1788 meliores
1026 1727 1115 1791 cives
1132 1732 1195 1792 uti-

251 1812 406 1896 lioresque
431 1811 524 1873 rebus
546 1810 610 1872 suis
635 1809 769 1894 publicis
793 1820 896 1872 essent
908 1833 917 1885 ;
941 1823 977 1874 ut
994 1810 1194 1876 Thebanum

252 1895 504 1982 Epaminondam
521 1895 616 1978 Lysis
632 1893 862 1980 Pythagoreus,
885 1896 1091 1981 Syracusium
1105 1899 1191 1964 Dio-

249 2006 320 2048 nem
339 1981 443 2056 Plato,
466 1979 635 2064 multique²
648 1980 783 2043 multos:
806 2002 925 2065 nosque
936 1980 1006 2067 ipsi,
1032 1985 1193 2070 quidquid

250 2067 371 2132 adrem
391 2065 551 2150 publicam
574 2065 747 2141 attulimus,
775 2066 816 2149 (si
838 2067 931 2130 modo
953 2068 1077 2152 aliquid
1104 2083 1190 2136 attu-

249 2154 356 2238 limus)
373 2175 392 2215 a
407 2150 598 2215 doctoribus³
613 2162 707 2235 atque
719 2151 860 2214 doctrina
869 2153 1013 2217 instructi
1024 2153 1064 2217 ad
1075 2178 1150 2220 eam
1159 2173 1191 2222 et

249 2239 350 2303 ornati
361 2236 556 2302 accessimus.
591 2238 660 2300 156.
673 2235 787 2320 Neque
801 2237 902 2300 solum
914 2239 978 2302 vivi
988 2251 1084 2324 atque
1096 2265 1190 2328 prae-

249 2338 353 2390 sentes
368 2323 521 2388 studiosos
536 2321 674 2386 discendi
697 2322 843 2385 erudiunt
862 2335 957 2409 atque
980 2323 1106 2404 docent,
1132 2330 1189 2393 sed

248 2409 309 2474 hoc
323 2410 406 2474 idern
420 2408 601 2556 etiamdm
623 2423 757 2471 mortem
782 2411 993 2473 monumentis
1018 2410 1186 2478 literarum

248 2507 467 2581 assequuntur.
549 2517 584 2558 ec
599 2495 682 2557 enirn
697 2493 785 2558 locus
805 2494 897 2570 ullus,
922 2508 970 2560 est
986 2502 1188 2581 praetermis-

248 2604 301 2645 sus
316 2583 355 2646 ab
369 2581 418 2657 iis,
443 2583 496 2666 qui
512 2579 552 2644 ad
566 2580 664 2666 leges,
689 2579 743 2664 qui
767 2578 805 2642 ad
830 2602 941 2657 mores,
966 2583 1020 2666 qui
1036 2582 1075 2646 ad
1091 2584 1188 2649 disci-

247 2667 365 2752 plinam
380 2668 423 2730 rei
439 2666 583 2752 publicae
594 2663 781 2751 pertineret3
797 2677 832 2728 ut
844 2666 943 2729 otium
954 2689 1044 2732 suum
1061 2669 1101 2732 ad
1113 2693 1188 2735 nos-

246 2767 329 2818 trum
344 2757 506 2839 negotium
516 2751 684 2816 contulisse
695 2749 866 2815 videantur.
915 2752 966 2816 lta
975 2753 1022 2816 illi
1036 2755 1098 2839 ipsi
1111 2756 1186 2822 doc-

246 2839 348 2904 trinae
363 2838 473 2902 studiis
489 2850 521 2901 et
535 2837 704 2922 sapientiae
720 2835 813 2900 dediti
830 2837 868 2900 ad
883 2836 1046 2902 hominum
1062 2841 1186 2906 utilita-

246 2938 311 2989 tem
334 2947 420 2990 suam
440 2923 638 3010 prudentiam
658 2921 960 3008 intelligentiamque
980 2924 1184 3010 potissimum

246 3011 420 3074 conferunt.
469 3009 521 3074 Ob
536 3030 667 3092 eamque
678 3007 773 3071 etiam
789 3029 911 3072 causam
922 3009 1027 3094 eloqui
1042 3013 1183 3098 copiose,

245 3097 338 3160 modo
353 3096 529 3182 prudenter,
553 3093 665 3156 melius
675 3104 732 3170 est,
749 3114 843 3178 quam
858 3094 908 3156 vel
920 3096 1100 3162 acutissime
1115 3100 1183 3164 sine

245 3181 590 3268 eloquentiacogitare;
606 3179 691 3266 quod
706 3179 857 3266 cogitatio
868 3181 900 3242 in
910 3202 943 3243 se
954 3181 1023 3267 ipsa
1035 3184 1180 3263 vertitur,

225 3267 424 3353 *eloquentia
439 3266 657 3352 complectitur
672 3287 736 3342 eos,
753 3265 940 3350 quibuscum
956 3271 1182 3334 communitate

241 3354 346 3440 juncti
356 3375 473 3418 sumus
489 3352 1181 3443 157.Atque,utapiumexaminanonfingen-

246 3555 351 3597 versatur
370 3549 445 3596 in-.
486 3544 529 3609 (¹⁰)
549 3548 568 3594 l.
587 3562 607 3593 e.
628 3562 690 3594 nun·
731 3547 837 3606 intelligo
859 3547 921 3607 quod
942 3547 1005 3594 inira
1026 3557 1062 3596 est
1086 3550 1177 3608 5156..

247 3616 340 3662 tiatum.
374 3612 403 3676 (¹¹
431 3613 449 3660 l.
462 3629 482 3660 e.
492 3614 691 3673 anteponendum.
732 3612 819 3673 Neque.
863 3609 896 3674 (⁹)
920 3613 939 3658 1.
960 3628 981 3659 e.
1000 3615 1115 3676 multique
1137 3616 1175 3662 alii

278 3681 363 3728 XblV.
384 3676 404 3742 (¹
436 3678 691 3741 Copulaerespondere
732 3679 818 3724 multos
829 3677 893 3723 alios,
931 3673 964 3740 (³)
977 3679 1014 3725 ef.
1031 3681 1062 3726 N.
1078 3683 1108 3728 D.
1129 3681 1143 3727 i.
1156 3683 1175 3726 3.
