2450 4478
377 399 457 462 LlB.
479 400 519 460 Il.
542 399 629 458 CAP.
647 398 692 459 19.
964 403 1002 459 99

47 564 116 626 bus
130 585 139 626 ε
165 561 266 647 idque
281 558 377 624 etiam
388 559 432 624 rei
441 558 585 644 publicae
595 569 642 623 est
654 570 846 637 ornamento,
860 558 1002 623 homines

49 661 213 713 externos
237 645 301 710 hoe
326 645 521 710 liberalitatis
566 667 657 709 enere
672 644 704 707 in
720 645 796 708 urbe
819 657 926 710 nostra
938 668 1002 708 non

50 757 169 821 egere.
219 733 281 797 Est
289 742 393 796 autem
402 731 497 795 etiam
512 668 712 795 veliementer
726 730 804 794 utile
818 732 866 810 iis,
879 732 934 817 qui
946 729 1003 795 ho-

52 831 154 884 neste
177 841 273 906 posse
294 817 429 882 multum
444 815 565 894 volunt,
578 838 634 903 per
648 815 788 902 hospites
802 816 885 902 apud
900 830 1003 882 exter-

54 928 120 970 nos
144 905 286 992 populos
308 903 409 968 valere
431 901 543 989 opibus
558 914 589 966 et
604 902 716 989 gratia.
763 901 1003 991 Theophrastus

56 991 198 1078 quidem
220 990 339 1065 scribit,
359 989 525 1054 Cimonem
549 987 684 1051 Athenis
707 987 800 1051 etiam
815 990 845 1052 in
862 1011 934 1054 suos
950 1012 1004 1054 cu-

58 1079 160 1142 riales
179 1075 334 1140 Laciadas
348 1073 534 1161 hospitalem
545 1074 660 1138 fuisset
682 1073 729 1138 ita
739 1074 822 1137 enim
832 1075 1005 1140 instituisse

60 1179 96 1228 et
106 1164 226 1228 villicis
235 1162 446 1247 imperavisse,
454 1172 490 1224 ut
500 1159 605 1224 omnia
617 1159 848 1246 praeberentur,
862 1162 1005 1247 quicum·

62 1273 129 1336 que
148 1247 305 1313 Laciades
319 1246 350 1310 in
366 1245 474 1310 villam
489 1267 578 1310 suam
593 1245 786 1311 devertisset.

112 1323 224 1400 XIX.
249 1335 299 1397 65.
316 1333 407 1407 Quae
417 1343 523 1396 autem
534 1354 638 1418 opera,
650 1353 713 1394 non
722 1331 898 1419 largitione,
912 1334 1006 1399 bene-

64 1422 140 1487 ficia
166 1421 293 1496 dantur,
319 1417 396 1483 haec
420 1430 488 1482 tum
509 1417 541 1481 in
564 1417 740 1481 universam
755 1441 819 1482 rem
834 1419 1003 1504 publicam,

66 1523 136 1572 tum
146 1507 180 1571 in
192 1505 335 1591 singulos
345 1505 427 1569 cives
437 1502 650 1568 conferuntur.
668 1502 753 1567 Nam
762 1503 794 1567 in
802 1505 873 1590 jure
883 1528 1002 1585 cavere,

67 1592 203 1658 consilio
215 1593 338 1677 juvare,
354 1602 449 1676 atque
471 1589 533 1655 hoc
553 1588 702 1654 scientiae
724 1611 840 1676 genere
861 1590 1006 1674 prodesse

68 1702 168 1781 quam
187 1676 342 1764 plurimis,
359 1677 560 1740 vehementer
574 1687 607 1740 et
621 1675 660 1738 ad
674 1697 748 1760 opes
763 1674 922 1761 augendas
960 1701 1006 1741 er-

71 1775 154 1830 tmet
178 1775 210 1829 et
232 1763 272 1828 ad
286 1762 431 1849 gratiam.
479 1761 602 1847 ltaque,
620 1782 719 1846 quum
733 1761 833 1824 multa
847 1699 1005 1861 praeclara

69 1851 240 1938 majorum,
268 1860 337 1913 tum
361 1848 446 1933 quod
472 1848 589 1934 optime
614 1847 779 1911 constituti
800 1847 879 1932 juris
906 1847 1007 1913 civilis

70 1959 197 2002 summo
212 1956 335 2021 semper
347 1933 381 1997 in
396 1933 514 1998 honore
528 1933 588 1998 fuit
599 1933 739 2020 cognitio
750 1943 846 2018 atque
856 1931 1008 2021 interpre-

71 2023 172 2088 tatio:
195 2043 292 2106 quam
314 2020 440 2106 quidem
462 2030 537 2083 ante
551 2018 644 2083 hanc¹
658 2019 873 2083 confusionem
888 2030 1008 2107 tempo-

72 2131 143 2172 rum
154 2107 188 2172 in
198 2107 393 2193 possessione
402 2127 459 2169 sua
470 2105 626 2191 principes
637 2105 849 2181 retinuerunt;
864 2128 959 2185 nunc,
974 2118 1009 2172 ut

73 2194 222 2269 honores,
234 2202 271 2257 ut
280 2213 387 2256 omnes
398 2188 561 2277 dignitatis
570 2189 696 2277 gradus,
704 2190 749 2254 sic
758 2189 853 2277 hujus
862 2191 1009 2258 scientiae

73 2279 224 2367 splendor
238 2276 359 2341 deletus
370 2287 430 2341 est:
448 2275 542 2361 idque
553 2299 590 2340 eo
601 2274 771 2362 indignius,
785 2276 869 2362 quod
880 2299 919 2340 eo
931 2288 1009 2342 tem-

74 2388 152 2454 pore
166 2364 227 2428 hoc
243 2363 387 2449 contigit,
400 2384 498 2447 quum
512 2361 552 2425 is2
566 2361 670 2438 esset³‚
682 2363 736 2447 qui
748 2385 855 2426 omnes
870 2363 1011 2448 superio-

78 2474 137 2529 res,
153 2450 271 2536 quibus
292 2447 410 2513 honore
425 2470 481 2534 par
500 2458 593 2526 esset,
617 2447 748 2511 scientia
768 2447 859 2512 facile
874 2447 1007 2512 vicisset.

80 2537 171 2602 Haec
195 2535 294 2621 igitur
318 2556 412 2621 opera
435 2544 526 2620 grata
551 2533 658 2596 multis
681 2543 713 2597 et
727 2532 767 2596 ad
780 2532 939 2598 beneficiis
954 2535 1010 2599 ob-

79 2623 155 2687 strin
181 2620 278 2685 eudos
292 2617 434 2684 homines
455 2619 699 2683 accommodata.
744 2620 796 2683 66.
816 2619 922 2704 Atque
937 2619 1010 2685 huic

80 2709 138 2772 arti
157 2645 293 2771 hnitima
314 2718 362 2770 est
376 2704 498 2768 dicendi
517 2705 642 2792 gravior
656 2703 787 2768 facultas
802 2717 834 2768 et
848 2706 966 2792 gratior
980 2719 1012 2771 et

83 2793 229 2858 amatior.
276 2791 363 2865 Quid
377 2791 460 2855 enim
475 2789 655 2875 eloquentia
666 2790 885 2875 praestabilius
896 2791 947 2855 vel
958 2793 1012 2856 ad·

83 2877 256 2944 miratione⁴
271 2877 464 2941 audientium
478 2876 529 2940 vel
545 2899 559 2940 s
583 2899 600 2940 e
613 2875 822 2963 indigentium
838 2877 888 2941 vel
903 2900 1011 2942 eorum

85 2966 137 3050 qui
150 2963 270 3028 defensi
284 2975 358 3027 sunt
372 2962 501 3064 gratia?
548 2899 634 3026 linio
649 2983 774 3063 quoque
789 2985 865 3049 ergo
880 2985 898 3026 a
912 2965 1013 3050 majo-

85 3051 166 3115 ribus
180 3048 296 3112 nostris
310 3060 359 3112 est
379 3071 411 3112 m
427 3046 516 3133 toga⁵
529 3047 690 3135 dignitatis
698 3047 896 3197 principatus
911 3049 1012 3114 datus.

88 3135 205 3200 Diserti
228 3133 327 3254 igitur
348 3133 484 3198 hominis
504 3145 536 3197 et
550 3132 654 3198 facile⁶
668 3133 699 3198 la
722 3146 849 3212 orantis,
866 3135 1013 3221 quodque

88 3224 119 3286 in
132 3237 241 3308 patrus
268 3231 317 3285 est
338 3219 486 3296 moribus,
510 3219 680 3284 multorum
695 3241 803 3284 causas
818 3231 851 3284 et
866 3243 928 3285 non
1000 3262 1014 3274 -

90 3321 155 3373 vate
170 3318 202 3371 et
216 3307 355 3393 gratuito
364 3305 558 3370 defendentis
567 3303 718 3370 beneficia
728 3317 760 3368 et
770 3243 1014 3391 patrociniaiiie

122 3503 183 3551 xlx.
201 3497 237 3563 (¹)
255 3501 274 3546 l.
288 3517 307 3548 e.
320 3509 374 3548 ante
391 3499 458 3556 conl,
470 3515 530 3560 quae
568 3500 593 3545 in
611 3499 702 3546 diversa
721 3509 838 3548 structura
850 3502 974 3549 iteratum:
991 3518 1013 3553 v,

92 3577 124 3614 ert
140 3569 161 3613 h.
182 3575 198 3612 t
240 3563 273 3628 (⁹)
292 3567 386 3612 Servius
406 3566 530 3625 Sulpicius.
569 3565 598 3610 ad
609 3563 645 3612 17.
655 3566 748 3626 58.ιρι.
760 3563 795 3628 (⁵)
806 3568 824 3612 1.
834 3582 854 3614 e.
864 3567 1015 3628 inpace,sive

94 3631 532 3695 (³)1.e.viverer:ctaaOaiittt.
570 3629 640 3677 domi.
674 3626 708 3693 (⁶)
719 3633 738 3678 1.
750 3646 770 3678 e.
783 3634 897 3686 lubenter,
910 3639 1013 3691 promte:

97 3698 143 3745 1³2.
161 3696 225 3756 apud
248 3695 334 3751 Perre,
357 3697 371 3721 “
379 3710 452 3756 quum
474 3701 532 3742 erret
570 3694 617 3740 vid.
635 3696 720 3743 Matth.
735 3698 764 3743 ad
781 3697 828 3744 Cic.
845 3697 921 3754 uper.
939 3696 977 3740 92.
991 3695 1013 3742 7.

96 3762 265 3824 Hippocrates.”
291 3757 325 3822 (⁴)
334 3761 394 3808 Nota
406 3761 533 3807 ablativum
571 3757 606 3822 (⁷)
620 3761 637 3808 1.
645 3776 666 3808 e.
675 3763 783 3822 quodque
792 3762 853 3822 apud
865 3761 963 3821 majores
973 3758 1015 3805 lie·
