2472 4432
377 411 459 472 LlB.
478 411 502 470 l.
527 412 617 472 CAP.
640 413 688 477 25.
966 413 1003 471 37

44 576 164 639 bemus
188 593 268 637 esse
290 570 333 636 ed
352 581 459 636 nostra
514 569 634 649 ricula⁷‚
652 592 747 655 quam
762 572 802 636 ad
816 573 1002 649 communia,

45 659 276 744 dimicareque
299 658 440 743 paratius
487 680 504 720 e
527 655 645 720 honore
667 669 700 722 et
721 657 831 746 gloria,
854 658 1005 745 quamde

45 745 167 810 ceteris
184 742 382 809 commodis.
419 747 470 808 84.
490 742 616 807 Inventi
627 753 734 807 autern
748 744 840 808 multi
855 755 939 823 sunt,
951 747 1006 830 qui

45 853 112 895 non
136 830 244 895 modo
259 829 438 916 pecuniam,
456 827 620 893 sedetiam
635 829 732 893 vitam
747 829 934 915 profundere
949 854 1005 916 pro

46 917 156 1002 patria
180 915 294 1004 parati
309 927 426 993 essent,
442 912 547 979 iidem⁸
560 913 679 1001 gloriae
690 917 844 1001 jacturam
859 939 899 980 ne
913 918 1006 980 mini-

45 1025 135 1067 mam
150 1002 294 1089 quidem
308 1001 412 1064 faeere
421 999 548 1078 vellent,
565 1023 605 1064 ne
619 1023 653 1064 re
663 1001 789 1086 publica
799 1002 926 1087 quidem
935 1025 1008 1090 pos-

46 1089 200 1154 tulante:
228 1099 269 1152 ut
286 1086 518 1162 Callicratidas,
546 1086 611 1171 qui,
650 1109 726 1150 uum
743 1087 1008 1154 Lacedaemonio-

47 1197 121 1238 rum
137 1175 214 1239 dux
230 1173 346 1238 fuisset
359 1172 436 1236 Pelo
460 1174 626 1236 onnesiaoo
664 1173 725 1236 ello
739 1174 902 1260 multaque
916 1176 1007 1239 fecis-

49 1271 99 1324 set
114 1261 274 1348 egregie,
287 1257 397 1323 vertit⁹
407 1195 458 1322 ad)
455 1269 630 1322 extremum
641 1259 755 1338 omnia,
769 1281 867 1345 quum
878 1261 1007 1325 consilio

51 1368 117 1410 non
134 1346 253 1433 paruit
268 1367 389 1421 eorum,
405 1344 460 1429 qui
475 1344 606 1409 classem
617 1343 657 1407 ab
669 1345 836 1432 Arginusis
848 1368 1007 1411 removen-

52 1431 129 1496 dum
153 1455 222 1497 nec
250 1453 326 1496 cum
343 1429 590 1494 Atheniensibus
610 1429 821 1496 dimicandum
843 1433 1007 1517 putabant.

56 1517 195 1591 Quibus
226 1517 284 1582 ille
313 1515 484 1600 respondit,
518 1515 782 1581 Lacedaemonios
808 1517 931 1581 classe¹⁰
955 1519 1010 1584 illa

56 1604 177 1668 amissa
194 1602 296 1669 aliam
311 1623 421 1688 parare
435 1623 537 1686 posse,
551 1623 584 1664 se
600 1601 709 1689 fugere
718 1603 784 1668 sine
793 1625 850 1667 suo
859 1603 1010 1669 dedecore

55 1711 123 1752 non
139 1711 256 1776 posse.
293 1690 401 1772 Atque
416 1685 494 1752 haec
508 1686 635 1772 quidem
646 1688 905 1753 Lacedaemoniis
915 1689 1010 1777 plaga

58 1774 261 1840 mediocris:
292 1772 351 1836 illa
375 1772 529 1858 pestifera,
560 1796 633 1859 qua,
658 1795 756 1859 quum
788 1774 1010 1839 Cleombrotus

60 1859 227 1926 invidiam
235 1860 351 1924 timens
361 1870 477 1923 temere
492 1879 563 1922 cum
578 1859 798 1945 Epaminonda
807 1859 1009 1936 conflixisset,

65 1944 399 2012 Lacedaemoniorum
408 1965 483 2030 opes
494 1957 687 2010 corruerunt.
710 1947 840 2021 Quanto
853 1947 896 2021 Q.
905 1946 1012 2011 Maxi-

64 2052 137 2097 mus
151 2032 271 2097 melius
285 2031 293 2096 l
317 2030 356 2094 de
371 2052 434 2115 quo
453 2029 596 2096 Ennius:

188 2163 264 2219 Unus
276 2161 351 2213 bomo
363 2159 434 2214 nobis
446 2161 587 2214 cunctando
600 2161 713 2215 restituit
724 2179 785 2215 rem.

178 2233 244 2287 Non
255 2232 323 2285 enim
334 2248 448 2284 rumores
455 2231 569 2313 ponebat
580 2238 640 2284 ante
651 2231 769 2284 salutem.

179 2303 261 2374 Ergo
268 2308 382 2373 postque
393 2317 526 2372 nrogzsque
538 2302 588 2354 viri
599 2319 665 2354 nuno
674 2302 764 2371 glorio
776 2303 865 2356 claret.

77 2433 175 2508 Quod
201 2455 304 2522 genus
328 2433 478 2518 peccandi
504 2432 668 2498 vitandum
689 2445 738 2498 est
759 2436 855 2500 etiam
874 2435 907 2497 in
922 2434 1014 2499 rebus

75 2520 213 2587 urbanis.
263 2519 347 2584 Sunt
362 2519 454 2596 enim,
471 2518 537 2668 poi,
551 2520 635 2604 quod
646 2520 795 2598 sentiunt,
813 2521 907 2585 etiam
922 2522 949 2584 si
960 2544 1015 2606 op-

78 2605 190 2672 timum
206 2606 259 2682 sit,
278 2617 382 2669 tamen
404 2604 470 2669 invi
493 2604 541 2668 iae
562 2618 649 2670 metu
668 2628 732 2670 non
748 2607 886 2671 audent¹¹
902 2606 1015 2670 dicere.

111 2692 237 2758 XXV.
249 2696 303 2756 85.
314 2689 463 2767 Omnino,
475 2690 530 2775 qui
539 2691 584 2755 rei
594 2691 738 2776 publicae
747 2692 918 2778 praefuturi
929 2705 1013 2770 sunt,

79 2775 139 2844 duo
159 2777 305 2844 Platonis
320 2787 486 2862 praecepta
501 2788 649 2852 teneant3
673 2798 780 2856 unum,
798 2791 833 2842 ut
848 2778 1017 2842 utilitatem

79 2862 195 2928 civium
217 2863 263 2929 sic
285 2874 445 2939 tueantur,
463 2873 508 2938 ut,
525 2884 741 2948 quaecumque
764 2877 877 2951 agunt,
894 2863 934 2928 ad
948 2886 1017 2928 earn

80 2951 222 3027 referant,
237 2947 330 3014 obliti
344 2947 574 3012 commodorum
590 2969 737 3025 suorum3
760 2951 903 3027 alterum,
922 2960 958 3013 ut
967 2962 1015 3014 to-

80 3047 144 3100 tum
167 3057 283 3121 corpus
305 3033 351 3098 rei
365 3033 509 3120 publicae
533 3045 653 3112 curent,
670 3057 720 3112 ne,
738 3035 811 3099 dum
826 3048 947 3121 partem
961 3036 1017 3100 ali-

80 3141 172 3206 quam
199 3133 341 3196 tuentur,
368 3119 505 3204 reliquas
529 3118 682 3184 deserant.
729 3121 779 3186 Ut
803 3122 886 3185 enim
900 3122 1013 3198 tutela,

82 3207 122 3272 sic
145 3205 328 3295 procuratio
352 3204 395 3269 rei
415 3204 560 3290 publicae
574 3204 613 3269 ad
627 3227 735 3270 eorum
761 3207 939 3284 utilitatem,
962 3208 1018 3293 qui

84 3402 165 3465 (⁷)Np-
172 3403 340 3466 propulsanda.
349 3398 436 3463 (⁸)Vid.
444 3401 527 3447 Mattb.
571 3403 646 3461 jorem
654 3412 744 3464 partem
749 3402 796 3450 sint
805 3405 907 3449 omnia.”
919 3401 1018 3466 (¹⁰)Mo-

84 3471 149 3517 ador.
156 3486 201 3532 pro
211 3470 282 3516 Arch-
294 3467 317 3514 t.
331 3469 367 3513 15.
379 3475 403 3512 et
413 3467 442 3512 ad
452 3467 528 3525 Epist.
575 3475 616 3513 net
632 3469 736 3528 Zumpt,
761 3470 823 3530 apud
842 3471 949 3532 Xenoph.
969 3485 1020 3534 qui,

85 3534 148 3583 321.
175 3533 210 3596 (⁹)
220 3535 240 3581 1.
249 3548 270 3579 e.
283 3540 355 3578 totam
364 3532 448 3577 faciem
458 3539 528 3590 atque
576 3533 629 3578 dem
642 3533 815 3580 Gallici-aridam
832 3535 861 3581 de
879 3541 1019 3594 retentum„

18 3619 19 3640 ³
85 3602 180 3649 colorem
189 3597 527 3656 betltmuuvitch.pr01osc.
575 3598 644 3644 modo
663 3600 808 3658 respondere.
843 3601 907 3645 Nihil
922 3613 1019 3662 magno,

18 3659 20 3706 l
86 3667 131 3712 Am.
150 3668 189 3713 22.
211 3664 260 3719 61„
284 3662 379 3708 “Vides
396 3675 460 3708 verro
476 3673 528 3706 esse
575 3675 630 3720 pere
647 3663 725 3720 refert,
736 3664 755 3710 si
767 3665 862 3724 quidem
874 3665 947 3723 ipsum
960 3679 1018 3722 cras,

86 3731 187 3785 mie;’'
200 3728 339 3776 ettotam.
350 3725 527 3781 mammeae
574 3741 622 3773 sem
635 3728 703 3775 simul
718 3729 826 3790 perdidit
860 3725 902 3789 (¹¹)
915 3728 942 3772 V.
957 3741 987 3785 ad
999 3747 1021 3791 2,

87 3809 149 3853 rone,
160 3809 234 3856 quom
240 3807 306 3841 versa
313 3800 337 3838 et
347 3798 436 3837 mutatu
447 3791 471 3838 in
483 3804 525 3851 pe·
576 3793 598 3838 ⁵.
610 3807 657 3852 rpr.

536 3870 555 3912 E
