2450 4478
232 391 287 450 132
574 391 629 452 DE
650 390 829 452 OFFICIIS

231 548 347 636 coligit,
361 548 414 633 qui
430 571 469 613 ne
484 549 628 614 hortatus
642 549 769 636 quidem
785 550 861 613 est?
909 549 981 628 Ille,
1005 551 1095 636 quod
1112 573 1166 614 non

230 634 604 722 plaoebet⁹,proseripsit;
617 647 661 712 tu,
670 635 915 722 quodplaeebat‚
924 637 1043 702 emisti.
1079 637 1169 710 Quod

230 723 267 798 si,
284 720 339 806 qui
353 721 551 806 proscribunt
561 743 690 785 vinnan
707 742 831 785 nouam
847 742 1018 792 sausoure
1037 744 1169 785 numn-

232 825 356 884 csrnru,
374 827 436 868 nou
459 807 676 872 existimantur
699 806 857 885 fefellisse,
875 809 972 871 etiam
995 809 1022 872 si
1045 808 1104 872 illa
1119 832 1169 871 nec

231 894 314 957 bona
335 903 382 956 est
404 914 462 954 nee
484 892 646 957 aedificata
666 893 809 968 ratione;
833 893 935 957 multo
957 895 1105 972 minus¹⁰,
1123 895 1169 978 qui

232 977 359 1041 domum
374 999 437 1040 non
452 977 630 1043 laudarunt.
679 979 746 1043 Ubi
761 979 845 1042 enim
851 978 1010 1064 judicium
1021 979 1168 1044 emtoris¹’

231 1077 288 1140 est,
314 1062 358 1126 ibi
381 1064 464 1128 fraus
493 1064 686 1128 venditoris¹²
713 1086 794 1149 quae
822 1075 928 1151 potest
956 1067 1058 1130 esse?
1121 1066 1169 1128 Sin

231 1148 463 1214 autemdictum
478 1149 565 1212 n0n¹³
580 1173 673 1232 omne
685 1149 905 1235 praestandum
919 1161 990 1226 est3
1013 1151 1104 1236 quod
1113 1151 1170 1214 dic·
1188 1147 1189 1230 l

232 1248 299 1299 tum
315 1249 451 1312 nonest,
468 1235 500 1299 id
514 1236 739 1321 praestandum
761 1237 881 1321 putas?
929 1236 1019 1310 Quid
1037 1259 1114 1300 vero
1129 1251 1169 1300 est
1188 1251 1189 1260 ¹

232 1321 370 1398 stultius,
388 1344 481 1407 quam
496 1321 689 1384 venditorem
701 1323 769 1470 epus
779 1322 833 1398 rei,
845 1343 939 1407 quam
951 1323 1084 1400 vendat,
1099 1323 1169 1386 vitis
1188 1401 1189 1410 ἵ

232 1409 384 1472 narrare?
408 1407 484 1493 quid
497 1421 603 1471 autem
619 1419 685 1471 tam
701 1429 719 1470 a
743 1406 880 1484 surdum,
898 1429 995 1492 quam
1011 1409 1039 1471 si
1055 1408 1168 1472 domini
1188 1427 1189 1432 ¹

227 1494 319 1579 jussu
333 1494 379 1558 ita
392 1516 504 1581 praeeo
527 1491 728 1579 praedicetP:
765 1493 900 1556 Douvm
924 1514 1167 1557 Pusmunurrn
1188 1499 1189 1516 ¹

234 1582 380 1645 vuuu0.'’
423 1581 474 1644 56.
502 1579 556 1644 Sic
570 1601 647 1665 ergo
657 1579 688 1641 in
701 1578 887 1663 quibusdam
899 1578 1003 1642 causis
1013 1579 1121 1643 dubiis
1132 1601 1167 1642 ex

233 1666 330 1732 altera
373 1678 439 1731 arte
461 1665 636 1730 defenditur
651 1663 808 1742 honestas,
826 1687 866 1728 ex
881 1665 979 1728 altera
994 1664 1042 1729 ita
1058 1665 1097 1728 de
1112 1665 1168 1728 uti·

233 1752 322 1818 litate
346 1689 470 1830 (licitur,
496 1765 530 1815 ut
551 1750 593 1828 id,
617 1749 702 1835 quod
725 1750 804 1814 utile
826 1750 980 1826 videatur,
998 1773 1064 1814 non
1080 1751 1167 1814 modo

233 1840 335 1904 faeere
344 1838 512 1902 honestum
524 1837 574 1913 sit,
588 1836 641 1901 sed
651 1836 746 1900 etiam
757 1859 820 1900 non
831 1837 932 1900 faeere
942 1847 1048 1922 turpe.
1082 1837 1167 1901 Haeo

234 1937 281 1988 est
296 1924 359 2000 illa,
378 1945 458 2008 quae
474 1921 597 1984 videtur
611 1921 736 1986 utilium
751 1921 818 1985 fieri
833 1944 904 1985 cum
919 1920 1063 1986 honestis
1078 1945 1166 2009 saepe

234 2009 394 2074 dissensio.
425 2009 515 2080 Quae
529 2006 725 2091 dijudicanda
734 2019 826 2072 sunt:
850 2009 1017 2085 nonenim,
1029 2021 1066 2072 ut
1077 2032 1167 2094 quae·

233 2115 379 2168 reremus,
398 2092 610 2178 exposuimus,
623 2092 678 2156 sed
692 2105 727 2157 ut
736 2093 974 2179 explicaremus.
1021 2095 1076 2162 57.
1096 2095 1164 2159 Non

233 2179 331 2266 igitur
347 2177 469 2242 videtur
484 2175 565 2239 nee¹⁴
579 2178 799 2243 frumentarius
814 2178 867 2242 ille
879 2178 1031 2258 Rhodios,
1049 2203 1108 2246 neo
1120 2180 1166 2244 hic

234 2264 356 2330 aedium
365 2263 509 2327 venditor
518 2261 618 2326 celare
628 2275 761 2328 emtores
770 2264 924 2329 debuisse.
961 2265 1077 2351 Neque
1086 2267 1165 2329 enim

232 2351 266 2415 id
288 2364 335 2416 est
357 2349 467 2425 celare,
484 2347 636 2434 quidquid
659 2350 810 2426 reticeas3
833 2350 888 2414 sed
907 2373 1018 2435 quum,
1036 2351 1119 2438 quod
1133 2366 1166 2415 tu

234 2437 323 2515 scias,
339 2436 372 2500 id
387 2436 530 2520 ignorare
542 2435 746 2500 emolumenti
755 2436 802 2499 tui
814 2458 908 2500 causa
922 2436 1001 2501 velis
1017 2460 1080 2514 eos,
1091 2460 1165 2523 quo-

234 2546 302 2587 rum
317 2520 441 2586 intersit
455 2519 487 2585 id
501 2521 589 2584 scire.
637 2521 710 2585 Hoc
719 2534 825 2586 autem
834 2521 955 2586 celandi
965 2545 1068 2609 genus
1077 2524 1164 2610 quale

234 2609 275 2674 sit
284 2621 316 2672 et
325 2608 413 2693 eujus
425 2605 570 2682 hominis,
582 2606 653 2692 quis
662 2629 726 2670 non
736 2607 849 2672 videt?
876 2609 970 2672 Certe
982 2631 1044 2673 non
1057 2633 1076 2674 a
1098 2611 1162 2686 erti,

234 2716 297 2758 non
321 2691 480 2778 simplioiS,
498 2716 560 2757 uon
582 2692 724 2793 ingenui,
741 2715 805 2756 non
816 2693 905 2778 justi,
923 2716 986 2758 non
1002 2696 1061 2760 viri
1075 2633 1162 2770 loni3

234 2779 351 2843 versuti
373 2781 488 2865 potius,
506 2780 640 2855 obscuri,
662 2779 768 2856 astuti,
784 2779 914 2856 fallacis,
930 2779 1089 2860 malitiosi,
1105 2781 1162 2846 cal-

232 2865 298 2943 lidi,
311 2865 526 2941 veteratoris¹⁵,
540 2865 628 2929 vafri.
675 2865 766 2929 Haeo
776 2875 824 2928 tot
835 2875 867 2928 et
877 2865 938 2929 alia
947 2865 1049 2951 plura,
1063 2890 1161 2932 nonne

233 2951 344 3016 inutile
359 2962 416 3028 est,
435 2949 582 3015 vitiorum
596 2949 700 3014 subire
715 2950 869 3015 nomina?

281 3036 383 3102 XIV.
406 3041 459 3100 58.
486 3035 581 3110 Quod
606 3036 632 3099 si
655 3035 862 3122 vituperandi,
887 3036 942 3137 qui
964 3037 1159 3115 reticuerunt,

234 3123 309 3209 quid
324 3122 364 3186 de
377 3121 415 3186 iis
430 3120 672 3186 existimandum
687 3134 745 3199 est,
759 3122 813 3208 qui
825 3124 973 3186 orationis
989 3125 1161 3190 vanitateml

234 3207 469 3273 adhibuerunt?
517 3209 555 3272 C.
582 3207 712 3286 Canius,
737 3230 832 3292 eques
859 3208 1033 3288 Romanus,
1051 3213 1160 3276 necin-

234 3296 354 3359 facetus
369 3303 400 3358 et
415 3291 503 3358 satis²
517 3293 671 3372 literatus,
688 3315 787 3380 quum
802 3315 835 3358 se
854 3293 1027 3380 Syracusas
1041 3297 1159 3372 otiandi,

234 3503 277 3553 etsi
288 3517 359 3564 supra
376 3510 411 3548 est
430 3504 504 3549 aedes.
537 3497 583 3564 (¹⁰)
596 3503 632 3549 Sc.
644 3501 678 3548 fe·
720 3501 772 3549 adi.
781 3502 820 3548 41.
833 3501 885 3550 146.
892 3517 951 3562 spa:
971 3504 1001 3551 ef.
1011 3505 1051 3552 ³2.
1061 3508 1109 3553 11³.
1117 3507 1160 3562 iln,

233 3571 350 3619 fellerunt.
382 3564 425 3627 (¹¹)
444 3567 494 3613 l.e.
515 3581 586 3627 penes
604 3576 679 3614 emto·
720 3569 745 3613 io
760 3567 824 3614 Verr.
841 3567 873 3614 iii.
891 3568 927 3614 14.
946 3570 993 3625 36..
1011 3572 1111 3618 deuii.
1126 3575 1158 3618 16.

235 3651 293 3684 rem.
327 3633 370 3697 (¹²)
387 3633 406 3677 Ι.
418 3646 438 3677 e.
450 3633 512 3692 apud
526 3634 677 3679 venditorem.
721 3633 767 3687 53..
780 3633 807 3678 de
818 3632 875 3691 Rep.
887 3633 919 3679 iii.
934 3633 971 3680 lo.
984 3635 1022 3682 26.

234 3702 277 3762 (¹³)
291 3703 310 3749 1.
322 3716 342 3748 e.
355 3714 384 3746 ne
395 3698 483 3743 dictum
495 3698 589 3756 quidem
601 3713 678 3745 omne.
751 3696 815 3743 XlV.
834 3692 868 3758 (1)
880 3698 917 3744 cf.
930 3699 944 3744 i.
958 3699 996 3745 42.
1012 3701 1062 3747 160.
1072 3715 1113 3762 spr.
1125 3700 1157 3764 (⁸)

235 3765 279 3830 (¹⁴)
287 3768 347 3816 Vlde
356 3766 387 3814 ad
394 3763 419 3810 ll.
429 3763 451 3810 4.
461 3764 496 3809 15.
505 3776 551 3822 spr.
565 3759 609 3823 (¹⁵)
618 3763 678 3810 Vide
719 3759 754 3808 Cl'.
767 3761 834 3809 Brut.
844 3763 882 3810 67.
892 3763 947 3811 236.
957 3773 980 3810 et
988 3764 1051 3824 237,
1062 3768 1097 3816 68.
1104 3767 1156 3814 239.
