2450 4478
348 365 352 372 '
393 369 469 434 LIB.
487 368 530 431 11.
546 369 638 432 CAP.
656 373 701 430 13.
976 370 1015 429 89

49 535 120 604 ret,
151 539 206 605 ut,
232 526 337 614 qualis
360 526 467 594 haberi
493 529 600 608 vellet,
624 529 696 594 talis
721 529 828 595 esset⁵.
876 530 971 603 Quod
987 530 1013 593 si

47 613 116 700 qui
145 613 357 678 simulatione
379 626 411 680 et
433 615 520 680 inani
545 616 754 681 ostentatione
782 629 815 681 et
840 614 925 692 licto,
950 638 1013 679 non

47 699 164 763 modo
179 722 338 778 sermone,
363 699 415 764 sed
435 701 529 766 etiam
544 702 635 766 vultu
659 701 804 766 stabilem
826 724 860 766 se
878 703 1013 788 gloriam

46 787 227 872 consequi
256 807 348 886 posse
375 799 494 865 rentur,
527 786 726 852 vehementer
753 799 869 852 errant.
927 789 1013 852 Vera

46 871 174 957 gloria
199 871 322 936 radrces
355 873 422 959 agit
452 885 547 959 atque
571 873 666 938 etiam
690 889 907 960 propagatur:
939 874 1013 939 ficta

47 958 177 1022 omnia
194 956 347 1036 celeriter,
370 970 531 1045 tamquam
546 957 678 1037 flosculi,
702 958 872 1036 decidunt3
896 983 954 1025 nec
969 961 1010 1024 si·

47 1043 231 1108 mulatum
245 1043 414 1130 quidquam
436 1057 542 1131 potest
566 1067 633 1109 esse
657 1045 851 1110 diuturnum.
897 1046 1012 1111 Testes

49 1142 141 1194 sunt
171 1128 322 1215 permulti
344 1130 378 1193 in
399 1143 564 1216 utramque
590 1142 734 1217 partem:
768 1131 823 1196 sed
848 1131 1011 1196 brevitatis

51 1237 168 1278 causa
183 1214 304 1279 familia
317 1217 458 1281 contenti
473 1217 587 1280 erimus
602 1240 675 1281 una.
722 1216 775 1281 Ti.
797 1217 880 1281 enim
909 1218 1010 1283 Grac-

52 1299 157 1378 chuS,
188 1301 228 1364 P.
248 1301 297 1378 F,
314 1301 433 1366 tamdiu
448 1302 636 1382 laudabitur,
654 1302 730 1367 dum
744 1305 892 1368 memoria
907 1325 1009 1367 rerum

56 1386 292 1451 Romanarum
316 1387 474 1453 manebit:
498 1400 532 1452 at
557 1389 628 1473 ejus
652 1389 708 1453 filii
727 1411 785 1453 nec
809 1389 873 1453 vivi
897 1390 1009 1475 proba·

55 1472 187 1537 bantur
202 1472 295 1536 bonis
318 1484 350 1537 et
372 1473 487 1539 mortui
501 1496 665 1538 numerum
684 1475 829 1540 obtinent
848 1477 921 1560 jure
940 1497 1008 1540 cae-

57 1579 187 1621 sorum.

111 1643 230 1708 xlll.
255 1643 322 1719 Qui
347 1643 445 1731 igitur
467 1645 596 1732 adipisci
625 1667 730 1711 veram
752 1645 885 1733 gloriam
911 1647 1006 1724 volet,

54 1729 212 1814 justitiae
234 1729 385 1816 fungatur
404 1731 523 1795 officiis.
571 1733 621 1796 Ea
645 1754 726 1818 quae
749 1744 864 1808 essent,
888 1730 1008 1796 dictum

57 1831 113 1882 est
128 1817 164 1879 in
180 1815 263 1879 libro
277 1816 446 1902 superiore.
489 1821 543 1882 44.
570 1818 643 1897 Sed,
668 1829 703 1882 ut
717 1817 873 1895 facillime,
897 1818 1007 1902 quales

58 1903 177 1979 simus,
202 1901 283 1966 tales
298 1923 365 1966 esse
380 1901 549 1981 videamur,
566 1905 626 1969 etsi
637 1905 669 1969 in
684 1927 722 1969 eo
733 1905 802 1990 ipso
813 1904 860 1968 vis
871 1904 1008 1968 maxima

59 2000 125 2065 est,
150 1999 188 2052 ut
203 1987 306 2051 simus
315 1986 348 2065 ii,
373 1987 428 2073 qui
443 1987 550 2054 haberi
564 1991 708 2068 velimus,
721 2033 723 2040 ι
736 2002 841 2054 tamen
852 1991 1006 2076 quaedam

60 2084 238 2220 praecepta
252 2072 353 2137 danda
367 2085 449 2138 sunt.
496 2075 581 2139 Nam
590 2077 617 2140 si
626 2076 697 2162 quis
706 2076 746 2141 ab
761 2076 889 2142 ineunte
904 2089 1006 2142 aetate

86 2161 164 2224 abet
179 2179 308 2222 causam
323 2158 512 2224 celebritatis
527 2174 559 2225 et
574 2161 708 2227 nominis
730 2175 784 2227 aut
807 2185 826 2226 a
848 2174 938 2249 patre
953 2186 1005 2229 ac-·

61 2257 205 2330 ceptam,
229 2243 315 2328 quod
340 2245 421 2324 tibi¹,
445 2246 488 2309 mi
516 2247 639 2326 Cicero,
664 2249 797 2312 arbitror
819 2249 1001 2336 contigisse,

62 2343 121 2394 aut
136 2331 247 2415 aliquo
263 2351 338 2394 casu
352 2342 447 2416 atque
458 2333 601 2409 fortuna:
618 2334 651 2397 in
666 2334 751 2397 hunc
766 2333 848 2398 oculi
863 2334 1004 2398 omnium

63 2415 303 2502 conjiciuntur²‚
327 2428 422 2503 atque
443 2417 478 2480 in
497 2439 580 2496 eum,
604 2418 682 2504 quid
696 2432 782 2506 agat,
804 2419 1005 2506 quemadmo-

62 2500 139 2565 dum
162 2502 264 2578 vivat,
287 2501 475 2588 inquiritur:
506 2516 548 2582 et,
579 2517 742 2590 tamquam
768 2505 803 2568 in
833 2506 1004 2572 clarissima

64 2586 149 2651 luce³
163 2598 318 2665 versetur,
341 2588 387 2652 ita
400 2589 524 2652 nullum
543 2591 723 2655 obscurum⁴
741 2602 846 2676 potest
865 2615 923 2657 nec
938 2593 1003 2658 dic-

64 2685 132 2736 tum
146 2674 219 2760 ejus
235 2694 302 2737 esse
313 2695 372 2740 neo
385 2675 513 2739 factum.
557 2680 609 2742 45.
627 2675 770 2751 Quorum
784 2688 889 2742 autem
904 2679 1004 2765 prima

63 2773 150 2824 aetas
165 2771 296 2845 propter
304 2757 513 2825 humilitatem
522 2773 554 2826 et
566 2763 790 2827 obscuritatem
798 2763 832 2826 in
841 2762 1003 2830 hominum

64 2844 279 2931 ignoratione⁵
292 2858 443 2925 versatur,
467 2846 500 2925 ii,
523 2847 618 2911 simul
641 2871 678 2912 ac
697 2849 832 2935 juvenes
847 2873 915 2915 esse
930 2873 1002 2915 coe-

65 2943 188 3014 perunt,
212 2952 329 3016 magna
342 2945 483 3017 spectare
498 2933 579 2997 etad
594 2957 632 2997 ea
645 2933 751 2999 rectis⁶
765 2936 875 3000 studiis
886 2936 1003 3002 debent

65 3016 273 3081 contendere:
297 3016 381 3101 quod
393 3039 430 3081 eo
444 3016 581 3083 firmiore
594 3020 699 3084 animo
710 3019 835 3098 facient,
853 3022 1002 3107 quianon

65 3102 155 3166 modo
182 3123 247 3164 non
272 3101 431 3167 invidetur
444 3103 491 3167 illi
505 3106 610 3183 aetati,
635 3128 744 3170 verum
758 3106 853 3170 etiam
867 3109 1001 3174 favetur.

68 3187 176 3252 Prima
190 3199 239 3251 est
252 3186 352 3275 igitur
360 3187 549 3254 adolescenti
564 3191 791 3256 commendatio
801 3193 840 3256 ad
854 3193 1000 3280 gloriam.

67 3273 92 3336 si
104 3295 170 3360 qua
181 3295 223 3336 ex
238 3273 358 3338 bellicis
373 3274 465 3339 rebus
477 3277 647 3362 comparari
655 3289 760 3363 potest
771 3301 780 3352 3
795 3277 828 3341 in
838 3301 901 3364 qua
910 3281 1001 3346 multi

66 3359 149 3446 apud
164 3359 299 3444 majores
315 3372 438 3426 nostros
453 3362 660 3427 exstiterunt:
684 3384 807 3450 semper
830 3365 915 3429 enim
936 3368 1001 3431 fere

66 3537 118 3582 992.
129 3539 152 3581 b.
189 3531 223 3594 (⁵)
236 3533 273 3579 cf.
282 3534 296 3579 i.
309 3535 345 3580 19.
359 3537 396 3582 65.
408 3550 454 3596 spr.
552 3535 821 3586 menest:'’addePltn.
831 3539 1000 3602 Pareg.8³.et

97 3601 167 3648 xm.
180 3595 215 3660 (¹)
233 3598 268 3646 cr.
281 3599 313 3645 ur.
331 3600 352 3646 2.
374 3601 395 3646 e.
407 3601 443 3646 ro.
478 3597 510 3662 (²)
551 3603 604 3649 Juv.
617 3601 664 3647 vrri.
678 3603 731 3648 raa.
759 3601 792 3663 (⁴)
801 3605 835 3651 cr.
842 3621 885 3665 pro
893 3607 958 3651 aare.
966 3606 997 3650 A.

67 3664 100 3710 cf.
114 3667 142 3712 a
153 3665 183 3711 A.
197 3663 220 3708 2.
233 3665 254 3708 o.
287 3661 321 3725 (³)
332 3666 370 3710 cr.
382 3665 475 3712 sauna
487 3667 510 3713 J.
555 3669 574 3711 r.
588 3667 610 3713 a.
633 3661 666 3728 (ὅ)
679 3667 714 3714 cr.
725 3667 759 3717 nr.
772 3668 808 3716 rr.
821 3669 867 3725 ra..
887 3671 999 3730 “ignora-

68 3731 111 3786 rt,
121 3733 136 3756 “
149 3731 267 3789 MaJorum
278 3730 351 3788 glorta
361 3731 459 3791 posteris
476 3734 511 3776 lu·
551 3733 612 3780 'tione
623 3731 729 3781 omnium
737 3734 878 3799 proposita.”
912 3728 946 3792 (⁶)
959 3735 996 3778 An

510 3813 556 3873 12
