2450 4478
190 397 245 456 las
521 397 580 456 DE
610 395 791 456 OFFICllS

186 577 295 622 eorum
309 556 400 622 alteri
416 556 593 644 Dionysius
615 567 770 644 tyrannus
791 553 875 621 diem
890 557 976 621 necis
991 556 1138 624 destina·
1204 586 1205 593 ¹

187 644 293 720 visset,
311 653 343 707 et
357 644 394 720 is,
411 643 466 727 qui
481 643 574 707 morti
590 642 732 707 addictus
747 654 841 719 esset,
857 665 975 728 paucos
985 642 1050 708 sibi
1067 645 1138 711 dies

189 727 506 794 commendandorum
517 749 645 793 suorum
655 749 748 793 causa
756 728 990 814 postulavisset,
996 751 1057 794 vas
1070 732 1138 796 fao-

187 827 239 878 tus
253 813 412 878 est¹²alter
426 815 494 901 ejus
503 813 652 890 sistendi3
675 814 745 892 ut¹³‚
760 815 786 878 si
797 813 851 877 ille
861 837 924 877 non
934 815 1134 894 revertisset,

187 898 382 963 moriendum
394 911 476 964 esset
484 899 555 986 ipsi.
591 900 656 974 Qui
665 921 763 985 quum
774 900 813 964 ad
829 899 935 964 diem¹⁴
945 923 980 964 se
995 905 1137 988 recepis-

188 994 247 1061 set,
264 983 434 1050 admiratus
449 1008 557 1051 eorum
572 985 665 1050 fidem
680 997 835 1072 tyrannus
850 986 974 1071 petivit,
989 999 1025 1050 ut
1042 1011 1080 1052 se
1094 989 1135 1053 ad

188 1071 356 1135 amicitiam
369 1073 497 1135 tertium
513 1071 735 1136 adscriberent.
779 1073 833 1135 46.
852 1071 984 1146 Quumi
1009 1073 1078 1136 itur
1088 1074 1134 1151 id,

189 1156 273 1240 quod
295 1156 373 1220 utile
393 1157 517 1222 videtur
538 1158 572 1220 in
594 1157 742 1235 amicitia,
760 1179 831 1220 cum
847 1180 896 1234 eo,
913 1181 958 1243 qu
1014 1157 1136 1223 hones-

188 1254 257 1305 tum
272 1253 330 1320 est,
349 1254 568 1329 comparatum
587 1242 692 1327 jaceat
715 1241 860 1307 utilitatis
875 1244 1007 1328 species,
1024 1245 1135 1309 valeat

188 1326 345 1392 honestas.
394 1329 503 1403 Quum
525 1338 632 1392 autem
654 1327 688 1390 in
713 1328 861 1405 amicitia,
885 1350 968 1414 quae
992 1327 1134 1395 honesta

188 1435 251 1476 non
275 1427 359 1493 sunt,
383 1414 636 1501 postulabuntur,
654 1413 766 1500 religio
781 1426 812 1478 et
827 1413 902 1478 fides
917 1427 1134 1500 anteponatur

187 1499 352 1565 amicitiae.
401 1500 454 1564 Sic
469 1499 635 1565 habebitur
645 1498 683 1576 is,
695 1520 790 1585 quem
804 1499 1010 1584 exquirimus
1028 1500 1133 1567 delce-

190 1599 240 1650 tus
256 1586 360 1651 officii.

234 1672 302 1736 Xl.
329 1673 393 1738 Sed
413 1671 559 1736 utilitatis
578 1659 682 1756 specie
702 1670 735 1733 in
757 1692 790 1734 re
805 1669 933 1755 publica
947 1693 1000 1735 sae
1024 1672 1133 1738 issime

187 1769 346 1846 peccatur,
358 1759 435 1824 utin
449 1755 594 1822 Corinthi
605 1755 832 1820 disturbatione
842 1756 965 1820 nostri¹.
992 1695 1134 1824 Burius²

187 1846 281 1909 etiam
289 1842 1132 1928 Athenienses,quisoiverunt,utAeginetis,quiclasse

189 1930 346 2006 valebant,
360 1929 487 2014 pollices
499 1926 760 2013 praeciderentur.
779 1928 961 1992 Hocvisum
971 1944 1020 1994 est
1031 1931 1127 1996 utile:

188 2014 281 2080 nimis
296 2015 380 2077 enim
390 2011 573 2077 imminebat
583 2024 713 2099 propter
720 2014 989 2100 propinquitatem
1003 2017 1129 2104 Aegina

191 2103 332 2166 Piraeeo.
381 2096 443 2162 Sed
468 2096 557 2175 nihil,
585 2098 670 2184 quod
694 2099 829 2177 crudele,
854 2100 949 2164 utile:
975 2113 1024 2166 est
1043 2105 1128 2167 enim

189 2187 352 2251 hominum
367 2194 507 2260 naturae,
524 2204 619 2268 quam
633 2185 722 2270 sequi
737 2185 897 2262 debemus,
914 2189 1053 2252 maxime
1068 2190 1126 2252 ini-

190 2273 271 2336 mica
287 2271 462 2337 crudelitas.
506 2269 559 2336 47.
584 2270 673 2334 Male
687 2271 793 2348 etiam,
805 2270 860 2356 qui
876 2274 1058 2358 peregrinos
1075 2297 1126 2338 ur-

190 2358 282 2424 bibus
297 2359 344 2422 uti
366 2353 533 2442 prohibent
554 2378 670 2441 eosque
692 2357 911 2434 exterminant,
928 2372 966 2422 ut
983 2359 1126 2425 Pennus³

190 2444 273 2530 apud
288 2453 390 2529 patres
406 2452 538 2520 nostros,
562 2441 682 2529 Papius
698 2463 809 2527 nuper.
855 2441 940 2506 Nam
960 2465 1039 2510 ussa
1055 2467 1122 2512 ruo

191 2550 281 2606 cive,
294 2549 350 2599 ovr
367 2547 452 2591 crv1s
465 2548 537 2592 nou
552 2549 614 2606 sm,
627 2538 746 2592 rectum
760 2540 879 2593 estnon
891 2529 1004 2608 licere3
1028 2553 1123 2617 quarn

189 2616 293 2702 legem
329 2613 469 2677 tulerunt
498 2613 718 2699 sapientissimi
744 2613 898 2690 consuleS,
928 2615 1064 2682 Crassus
1093 2631 1123 2682 et

194 2698 363 2766 Scaevola:
386 2721 446 2762 usu
462 2720 534 2762 vero
556 2698 642 2762 urbis
658 2697 825 2783 prohibere
839 2701 1032 2787 peregrinos
1050 2725 1122 2769 sane

188 2785 395 2850 inhumanum
417 2794 474 2848 est.
521 2782 582 2846 Illa
603 2783 772 2869 praeclara,
790 2784 824 2847 iu
846 2785 961 2870 quibus
975 2789 1121 2873 publicae
1205 2843 1206 2858 .

190 2871 334 2935 utilitatis
348 2869 467 2956 species
482 2867 740 2954 prae⁴honestate
755 2871 976 2936 contemnitur.
1024 2875 1122 2940 Plena
1205 2881 1206 2916 ³

189 2956 404 3043 exemplorum
418 2966 466 3020 est
480 2964 588 3018 nostra
601 2976 649 3019 res
662 2954 799 3041 publica,
810 2977 908 3042 quum
923 2959 1040 3044 saepe⁵,
1056 2972 1122 3024 tum

190 3173 279 3234 quidem
295 3177 427 3218 teneremus
435 3169 457 3215 !”
475 3167 491 3215 i.
501 3183 521 3214 e.
533 3175 557 3214 et
567 3181 635 3229 prae·
674 3170 696 3215 6.
719 3169 755 3215 19.
767 3183 812 3227 spr.
847 3165 879 3230 (²)
897 3169 933 3215 Sc.
950 3169 1070 3216 fecerunt:
1088 3173 1120 3218 sic

191 3239 251 3284 clare
262 3237 382 3283 nobiscum
392 3243 470 3282 actum
479 3241 548 3289 esset,
556 3235 635 3294 siqui·
674 3234 745 3280 etiam
765 3234 829 3279 infra
846 3235 925 3293 paulo,
942 3235 1032 3282 “Male
1042 3235 1119 3293 ctiam,

189 3303 278 3348 dem-.
323 3298 367 3363 (¹²)
390 3300 480 3347 Similia
502 3298 635 3345 anacoluthi
674 3299 779 3359 qui-z”
803 3299 868 3344 eth.
888 3313 907 3344 c.
926 3307 994 3356 extr„
1013 3301 1119 3348 “Meliss

190 3366 297 3426 exempla
313 3366 428 3424 congessit
444 3365 522 3411 Rhode
539 3378 563 3424 p.
583 3363 635 3417 19.;
674 3363 707 3419 hi,
720 3377 791 3428 quam
802 3378 853 3419 nos,
865 3364 943 3423 qui-.
978 3360 1011 3424 (³)
1023 3367 1117 3426 Sapra-

189 3432 249 3478 adde
260 3432 288 3478 de
302 3431 341 3476 Or.
352 3429 376 3476 il.
389 3432 411 3476 6.
423 3431 482 3477 23.:
500 3427 547 3475 vid.
564 3428 636 3475 etiam
675 3429 764 3475 hibuit:
780 3428 808 3475 cf.
820 3429 895 3474 chr.
905 3428 930 3474 ii.
943 3429 978 3474 19.
991 3427 1115 3486 ⁷7.,“1)··-

189 3499 218 3544 de
230 3497 252 3542 h.
264 3496 315 3556 ipso
325 3496 377 3541 loco
388 3495 454 3541 Rata.
470 3495 561 3544 Quart.
573 3493 633 3540 Tull.
673 3495 739 3540 mitto
749 3503 828 3540 autem
840 3507 879 3540 eos
886 3508 934 3538 non
942 3502 990 3540 tam
999 3502 1116 3543 contume-

188 3579 211 3624 p.
220 3563 258 3608 44.
275 3557 318 3622 (¹³)
328 3560 347 3606 1.
355 3575 375 3606 e.
385 3560 634 3606 &conditionem—2
673 3559 738 3613 liose,
765 3572 836 3617 quam
861 3559 1026 3618 philosophum
1052 3560 1115 3607 illum

189 3627 298 3674 mauu.
310 3627 342 3673 ix.
355 3626 377 3672 6.
388 3625 410 3672 4.
444 3622 489 3687 (¹⁴)
499 3625 535 3670 Sc.
547 3622 633 3670 consti·
675 3623 795 3669 Hannibal
803 3623 825 3678 ;’'
843 3638 874 3670 sc.
890 3624 985 3670 dimisit.
1019 3621 1114 3686 (⁴)vid.

190 3703 275 3740 tutum.
675 3687 761 3734 Mattb.
769 3689 800 3734 ad
809 3703 841 3734 or.
846 3703 890 3749 pro
896 3689 948 3735 Mil.
961 3689 983 3735 2.
996 3690 1018 3735 3.
1040 3687 1072 3751 (⁵)
1080 3691 1113 3736 Sc.

219 3759 263 3805 XI.
280 3753 313 3820 (¹)
325 3757 361 3806 Sc.
379 3760 516 3818 peccarunt:
535 3767 555 3801 v.
574 3753 604 3800 ad
618 3751 633 3798 i.
674 3752 749 3800 altas:
767 3753 813 3800 vid.
825 3753 928 3814 Madvig.
938 3755 1040 3802 adch.
1048 3769 1069 3817 p.
1077 3756 1112 3801 39.
