2472 4432
402 367 479 426 LIB.
495 367 519 426 1.
540 365 631 426 CAP.
650 370 700 426 22.
985 370 1023 426 33

59 523 167 588 animi
183 535 241 590 est
256 525 437 592 adhibenda
461 537 493 591 et
514 528 657 592 vacuitas
680 526 720 591 ab
744 525 925 614 angoribus.
971 524 1023 588 Ad

60 631 132 673 rem
147 613 337 697 gerendam
351 625 456 677 autem
470 613 524 698 qui
539 613 670 691 accedit,
688 625 808 690 caveat,
832 635 872 676 nc
886 611 919 676 id
928 609 1023 674 modo

59 697 269 776 consideret,
294 721 393 784 quam
406 697 461 762 illa
475 721 523 762 res
538 699 670 764 honesta
699 699 750 775 sit,
775 698 959 774 sedetiam,
987 707 1024 759 ut

59 780 192 848 habeat
223 785 383 849 efficiendi
406 784 610 850 facultatem:
633 785 666 848 in
692 807 756 871 quo
781 784 852 870 ipso
882 782 1024 847 conside·

60 867 212 932 randum
228 883 291 948 est,
304 894 347 934 ne
361 882 416 935 aut
431 881 545 936 temere
561 871 707 958 desperet
720 881 849 957 propter
862 869 1023 957 ignaviam

60 965 122 1017 aut
137 953 244 1020 nimis
259 955 398 1020 confidat
412 967 539 1043 propter
562 956 775 1044 cupiditatem.
824 955 861 1019 In
877 955 1021 1019 omnibus

62 1051 184 1104 autem
201 1042 346 1130 negotiis
388 1043 461 1118 rius,
484 1065 579 1128 quam
603 1040 820 1130 aggrediare¹¹‚
845 1039 1022 1107 adhibenda

61 1138 114 1188 est
130 1128 343 1277 praeparatio
358 1065 499 1214 diligens.

114 1211 201 1277 XX
230 1214 257 1278 I.
283 1215 337 1282 74.
355 1213 417 1278 Sed
428 1235 525 1299 quum
539 1213 680 1299 plerique
694 1213 884 1279 arbitrentur
898 1234 947 1277 res
956 1211 1022 1276 bel-

63 1292 148 1361 liras
163 1302 308 1386 majores
324 1321 501 1384 essequam
516 1300 660 1378 urbanas,
684 1300 853 1364 minuenda
878 1311 926 1365 est
944 1297 1021 1362 haec

65 1383 205 1466 opinio:
229 1386 326 1449 multi
338 1385 421 1449 enim
435 1384 518 1451 bella
538 1386 642 1472 saepe¹
658 1386 879 1470 quaesiverunt
895 1395 1021 1472 propter

67 1468 198 1552 gloriae
214 1471 422 1558 cupiditatem
435 1483 530 1556 atque
551 1472 584 1535 id
609 1473 642 1535 in
661 1473 785 1558 magnis
808 1472 919 1536 animis
933 1471 1022 1558 inge-

68 1553 203 1642 niisque
219 1557 406 1642 plerumque
420 1558 586 1644 contingit,
604 1581 703 1643 eoque
715 1559 827 1644 magis,
852 1558 878 1621 si
893 1567 967 1620 sunt
980 1557 1020 1620 ad

68 1660 139 1703 rem
165 1641 340 1707 militarem
363 1642 440 1728 apti²
463 1654 495 1707 et
515 1643 621 1728 cupidi
635 1643 790 1708 bellorum
803 1642 1020 1731 gerendorum.

73 1723 164 1792 Vere
180 1739 292 1792 autem
307 1728 334 1792 si
350 1727 493 1793 volumus
515 1729 666 1814 judicare,
690 1729 807 1793 multae
823 1751 871 1792 res
894 1728 1022 1791 exstite-

70 1824 149 1877 runt
173 1813 315 1878 urbanae
343 1815 475 1899 majores
511 1815 717 1901 clarioresque
780 1837 852 1879 uam
879 1813 1021 1878 bellicae.

74 1897 129 1961 75.
146 1899 305 1974 Quamvis
321 1899 405 1963 enim
421 1899 650 1966 Themistocles
669 1905 741 1987 jure
758 1839 910 1967 laudetur
933 1911 965 1962 et
980 1900 1021 1963 sit

73 1984 148 2068 ejus
178 2005 308 2058 nomen,
342 2007 438 2070 quam
467 1986 602 2066 Solonis,
640 1987 803 2065 illustrius,
842 1987 1021 2071 citcturque

78 2068 220 2135 Salamis
236 2071 523 2136 clarissimaetestis
533 2072 691 2151 victoriae,
712 2096 793 2159 quae
805 2083 1018 2156 anteponatur

76 2156 212 2220 consilio
237 2155 364 2221 Solonis
386 2157 423 2235 ei,
448 2180 512 2243 quo
537 2159 673 2244 primum
694 2159 857 2224 constituit
879 2160 1020 2243 Areopa-

76 2239 185 2325 gitas3
202 2264 267 2307 non
282 2242 387 2307 minus
401 2243 597 2328 praeclarum
622 2244 694 2322 hoc,
719 2268 815 2330 quam
836 2244 915 2308 illud
933 2244 1018 2328 judi-

77 2329 216 2392 candum
231 2338 291 2392 est.
339 2328 422 2392 Illud
433 2329 515 2392 enirn
539 2331 633 2394 semel
681 2332 785 2406 rofuit‚
810 2330 871 2394 hoc
898 2351 1020 2414 semper

77 2413 218 2560 proderit
244 2413 385 2480 civitati:
408 2414 469 2478 hoc
497 2417 626 2480 consilio
653 2353 740 2505 liges
764 2415 1017 2492 Atheniensium,

100 2521 138 2563 oc
161 2501 319 2586 majorum
340 2499 485 2566 instituta
507 2513 682 2567 servantur.
729 2501 773 2566 Et
790 2501 1019 2567 Themistocles

77 2585 206 2668 quidem
221 2584 302 2648 nihil
318 2585 454 2664 dixerit³‚
485 2586 518 2649 in
538 2610 601 2673 quo
625 2589 693 2674 ipsc
711 2589 916 2674 Areopagum
931 2589 1020 2674 adju-

78 2674 183 2747 verit3
207 2682 242 2736 at
264 2669 333 2735 ille⁴
352 2694 434 2747 vere,
458 2671 513 2738 ab⁵
535 2697 568 2737 se
597 2673 742 2759 adjutum
759 2674 1016 2740 Themistoclem.

80 2753 140 2822 Est
159 2761 246 2822 enim
259 2755 378 2821 belltun
392 2769 518 2844 gestum
530 2759 659 2824 consilio
685 2771 812 2825 senatus
827 2761 905 2846 ejus,
946 2765 979 2826 ui
998 2787 1017 2825 a

82 2841 200 2908 Solone
215 2854 285 2908 crat
305 2848 505 2908 constitutus.
551 2847 603 2912 76.
628 2845 722 2911 Licet
745 2847 853 2911 eadem
877 2847 915 2910 de
923 2785 1019 2913 (lau-

79 2933 167 2994 sania
202 2927 434 3016 Lysandroque
460 2929 592 2995 dicere:
631 2954 764 3018 quorum
793 2933 885 2996 rebus
919 2935 1018 3020 gestis

78 3037 272 3102 quamquam
286 3017 452 3100 imperium
478 3015 751 3085 Lacedaemoniis⁶
776 3018 918 3104 putatur⁷
940 3017 1017 3084 dila.

77 3189 269 3252 quandomajora
285 3188 375 3251 qucqff.
409 3186 452 3252 (¹¹)
464 3191 530 3236 lnter
569 3191 630 3238 adde
641 3207 699 3251 quos
710 3192 790 3238 laudat
804 3191 890 3237 Moser.
909 3191 940 3238 ad
949 3191 1015 3239 Tusa.

79 3258 254 3316 conjunctivum
265 3263 290 3301 et
308 3255 460 3301 indicativum
476 3270 530 3301 cum
569 3257 584 3302 i.
598 3257 635 3302 30.
646 3257 684 3304 74.
718 3253 752 3318 (²)
765 3257 826 3303 Nota
837 3257 951 3316 synesin:
969 3257 1017 3302 vid.

77 3323 188 3378 particula
197 3323 334 3382 priusquam
353 3321 408 3379 quid
430 3321 529 3377 intersit,
570 3320 890 3368 Moser-adl'asc.ii.4.l⁰.
923 3318 956 3384 (³)
967 3322 985 3368 l.
995 3337 1016 3368 e.

78 3386 127 3432 vide
149 3387 215 3448 apud
236 3385 312 3432 Kritz.
334 3387 363 3432 ad
384 3386 479 3433 Sallust.
503 3387 528 3433 C.
569 3387 645 3446 potuit
657 3387 740 3433 dicere.
774 3383 808 3449 (⁴)
820 3389 856 3433 Sc.
872 3386 1017 3448 Areopagus.

76 3452 142 3510 aas.
569 3449 602 3513 (⁵)
615 3453 681 3512 conj.
691 3453 822 3498 Gernhard.
836 3459 862 3499 at
881 3454 920 3499 illc
936 3465 1016 3512 reapse

106 3516 187 3564 xxn.
200 3511 235 3578 (¹)
249 3515 365 3576 Otroepe
379 3529 433 3564 cum
449 3519 527 3564 multia
567 3516 663 3577 adnuit,
679 3518 774 3563 frustra.
816 3513 849 3579 (⁶)
870 3517 948 3564 Pearc.
968 3518 1017 3563 La·

78 3582 229 3642 compositum
242 3581 313 3626 etiam
324 3581 441 3628 decuti.
461 3581 481 3627 l.
503 3583 524 3628 2.
565 3583 712 3640 cedaeramu'a,
736 3581 841 3629 frustra:
862 3584 937 3642 junge
962 3595 1016 3626 cum

78 3648 138 3703 stt,
163 3648 201 3693 18.
214 3645 262 3700 75.,
281 3646 318 3691 22.
339 3647 386 3702 9⁰„
409 3647 447 3691 28.
472 3648 525 3692 124.
566 3647 693 3707 participio.
739 3645 771 3709 (⁷)
788 3649 843 3704 Cur,
861 3660 955 3706 quaeso,
969 3657 1016 3702 pa·

11 3751 12 3775 .
77 3710 116 3768 bis,
130 3711 378 3772 pronunciata,
402 3710 438 3757 in.
458 3710 482 3756 ii.
502 3712 524 3758 6.
566 3714 649 3758 tatur?
665 3727 719 3760 nam
731 3728 775 3769 res,
787 3714 876 3772 opinor,
893 3710 948 3755 satis
958 3721 1015 3753 con·

79 3776 121 3836 2⁰„
129 3777 161 3823 iii.
174 3777 212 3823 1⁰.
223 3775 272 3831 40..
281 3775 320 3822 ubi
329 3777 398 3837 plura
404 3775 523 3830 C.Heus.;
565 3779 648 3824 stabat.
683 3779 747 3838 Ergo
757 3777 914 3836 significanter
925 3773 1013 3819 dictum
