2472 4432
388 413 464 474 LIB·
482 416 507 476 Ι.
530 414 621 475 CAP.
644 417 689 474 18.
966 421 1004 476 27

44 595 142 658 quam
158 571 248 651 aliis,
268 572 463 638 debeantur:
486 583 521 638 ut
536 573 672 639 vicinum
687 573 792 638 citius²
805 573 962 660 adjuveris
971 575 1004 639 in

44 658 210 723 fructibus
235 658 463 759 percipiendis,
488 681 583 745 quam
602 671 657 724 aut
682 661 808 724 fratrem
831 671 887 724 aut
915 661 1004 724 fami-

43 744 179 820 liarem3
206 756 255 823 at,
272 745 301 808 si
312 745 353 809 lrs
374 743 538 829 injudicio
553 745 605 823 sit,
643 744 831 831 ropinquum
852 745 957 847 potius
971 759 1004 812 et

44 829 201 907 amicum,
221 853 327 917 quarn
343 829 491 908 vicinum,
522 769 706 895 defenderis.
754 831 842 896 Haec
857 832 956 919 rgitur
971 845 1003 897 et

44 915 124 980 talia
140 914 438 1004 circumspicienda
459 916 581 980 suntin
596 916 681 980 omni
696 915 808 994 officio,
825 928 858 982 et
872 940 1003 983 consue-

45 1001 125 1065 tudo
148 1001 413 1087 exercitatioque
435 1001 595 1088 capienda,
612 1013 649 1066 ut
670 1001 747 1066 boni
768 1002 1002 1069 ratiocinatores

44 1085 235 1152 officiorum
259 1110 332 1152 esse
357 1087 520 1172 possimus,
538 1099 571 1152 et
595 1086 736 1152 addendo
759 1086 1000 1176 deducendoque

46 1171 170 1250 videre,
198 1197 290 1260 quae
316 1172 428 1258 reliqui
449 1195 570 1237 summa
590 1173 665 1237 fiat:
689 1195 729 1237 ex
750 1196 823 1258 quo,
847 1186 1002 1261 quantum

46 1257 164 1344 cuique
187 1259 362 1335 debeatur,
379 1258 549 1346 intelligas.
593 1259 645 1322 60.
672 1258 746 1337 Sed,
763 1271 799 1324 ut
813 1283 872 1325 nec
886 1260 999 1325 medici

46 1366 106 1408 nec
119 1344 345 1432 imperatores
360 1366 418 1408 neo
432 1357 578 1422 oratores,
591 1345 733 1430 quamvis
747 1344 821 1410 artis
835 1359 1002 1434 praecepta
1021 1411 1024 1420 ,

46 1432 272 1518 perceperint,
289 1429 461 1515 quidquam
477 1451 593 1517 magna
607 1429 697 1494 laude
712 1430 843 1517 dignum
858 1431 925 1497 siue
940 1453 1000 1498 usu

46 1527 79 1580 et
102 1516 346 1583 exercitatione
372 1515 519 1602 consequi
540 1525 682 1601 possunt,
704 1516 748 1579 sic
770 1516 864 1582 officii
878 1539 1001 1582 conser-

49 1601 147 1666 vandi
173 1611 354 1690 praecepta
376 1601 537 1666 traduntur
558 1601 624 1666 illa³
645 1600 783 1687 quidem,
809 1613 845 1666 ut
869 1602 999 1669 facimus

49 1686 110 1771 ipsi
123 1712 133 1765 3
158 1688 221 1754 sed
236 1688 282 1752 rei
297 1687 482 1774 magnitudo
497 1709 589 1752 usum
598 1709 722 1773 quoque
731 1687 1000 1753 exercitationem-

50 1794 114 1857 que
130 1774 308 1840 desiderat.
355 1774 470 1858 Atque,
487 1774 527 1839 ab
540 1772 579 1837 iis
592 1774 695 1850 rebus,
707 1795 787 1858 quae
802 1784 876 1837 sunt
890 1773 1000 1860 injure

50 1859 222 1926 societatis
230 1858 398 1935 humanae,
406 1859 665 1945 quemadmodum
676 1858 809 1923 ducatur
820 1858 996 1939 honestum,

51 1966 92 2006 ex
108 1968 178 2031 quo
189 1956 306 2031 aptum
316 1953 364 2008 est
372 1943 517 2021 officium,
532 1945 606 2010 satis
617 1945 681 2010 fere
690 1943 836 2009 diximus.
873 1946 927 2009 61.
945 1946 998 2010 ln-

53 2029 273 2118 telligendum
295 2040 344 2094 est
364 2041 479 2107 autem,
503 2052 600 2116 quum
622 2030 780 2117 proposita
798 2030 861 2095 sint
882 2053 999 2118 genera

53 2127 205 2198 quatuor,
217 2139 236 2180 e
246 2115 362 2201 quibus
372 2113 519 2180 honestas
528 2116 725 2203 officiumque
734 2127 882 2194 manaret,
893 2118 997 2204 splen-

55 2199 257 2267 didissimum
283 2199 391 2277 videri,
416 2201 500 2287 quod
522 2202 624 2266 animo
643 2224 758 2289 magno
780 2201 925 2288 elatoque
939 2203 998 2267 hu·

60 2307 236 2374 manesque
253 2308 304 2352 res
318 2285 509 2373 despiciente
522 2288 640 2352 factum
654 2287 705 2352 sit.
753 2287 865 2387 Itaque
880 2289 912 2351 in
926 2311 998 2374 pro·

57 2370 121 2437 bris
135 2374 276 2439 maxime
289 2373 323 2436 in
338 2383 463 2458 promtu
477 2382 535 2450 est,
552 2372 578 2438 si
592 2373 667 2460 quid
681 2373 744 2437 tale
759 2372 820 2437 dicr
834 2384 939 2458 potest
953 2399 960 2438 :

206 2507 259 2564 Vos
270 2508 474 2579 etenirnjavenes
484 2509 596 2562 arrianam
605 2509 699 2579 geritis
711 2509 864 2573 maliehrma,

202 2580 261 2634 Illa
273 2580 365 2649 virago
377 2580 428 2632 viri
440 2602 449 2632 .·

60 2711 133 2775 etsi
148 2709 228 2802 qnid
243 2708 414 2796 ejusmodi:

203 2834 338 2897 Salmatia
352 2835 387 2888 da
398 2834 484 2906 spotia
495 2834 548 2889 aine
560 2835 653 2890 sudore
663 2842 689 2890 et
701 2838 832 2907 mragniae.

65 2967 250 3055 Contraque
263 2967 297 3030 in
312 2966 467 3043 laudibus,
484 2989 566 3052 quae
578 2989 694 3053 magno
711 2967 815 3033 animo
829 2979 861 3033 et
876 2970 997 3035 fortiter

62 3055 318 3137 excellenterque
335 3064 426 3138 gesta
438 3065 523 3130 sunt,
540 3074 587 3130 ea,
603 3053 709 3117 nescio
723 3053 890 3140 quomodo,
907 3057 995 3140 quasi

64 3140 201 3224 pleniore
225 3160 279 3204 ore
300 3137 471 3204 laudamus.
519 3137 606 3204 Hine
623 3137 781 3203 rhetorum
802 3141 942 3226 eampus⁵
957 3142 996 3208 de

65 3223 266 3301 Marathone,
287 3222 453 3301 Salamine,
473 3222 621 3301 Plataeis,
640 3224 873 3311 Thermopylis,
892 3225 996 3293 Leue-

65 3310 135 3388 tris3
158 3310 234 3376 hinc
255 3321 362 3373 noster
379 3309 502 3388 Cocles,
524 3307 600 3374 hinc
615 3309 718 3387 Decii,
736 3310 808 3375 hinc
826 3311 888 3376 Cn.
904 3324 936 3377 et
953 3315 991 3378 P.

66 3523 126 3582 apud
142 3537 186 3570 nae
198 3523 278 3570 Doctr.
298 3522 439 3582 copulanti.
453 3523 507 3569 34.:
552 3522 604 3570 117.
625 3523 678 3578 ifr.;
695 3539 716 3573 v.
735 3526 765 3572 ad
784 3527 812 3574 de
824 3527 854 3574 D.
872 3527 887 3574 1.
906 3529 943 3575 20.
954 3529 992 3575 39.

65 3589 325 3634 aliiautemdelentet.
358 3584 393 3648 (¹)
405 3588 423 3634 1.
435 3603 455 3636 e.
466 3603 509 3648 po·
550 3583 584 3649 (⁴)
603 3589 623 3634 1.
645 3604 664 3635 e.
684 3591 769 3648 mollis,
788 3593 936 3640 effeminate:
964 3593 993 3639 es.

67 3653 125 3698 tius:
141 3655 186 3699 rid.
200 3653 292 3699 Manat
309 3653 339 3698 ad
351 3668 384 3699 or.
396 3668 440 3713 pro
455 3653 509 3714 Lag.
553 3653 617 3700 Ouid.
638 3654 731 3703 Metam.
750 3656 780 3703 iv.
797 3657 851 3703 28⁵.
886 3653 920 3718 (⁵)
937 3657 994 3703 Le.

67 3721 88 3762 5.
103 3718 138 3764 la
171 3713 206 3779 (³)
225 3717 261 3766 Cf.
282 3718 320 3763 20.
338 3719 386 3774 66.,
405 3718 442 3766 27.
463 3720 510 3774 95.,
550 3718 616 3764 locus
627 3719 674 3776 ille,
686 3720 710 3766 in
722 3735 768 3779 qno
779 3722 866 3780 gaudet
874 3721 993 3766 rhetorum

67 3783 105 3828 29.
125 3783 184 3840 lot,
196 3784 220 3830 11.
236 3782 258 3830 6.
276 3782 322 3839 21,
338 3782 370 3828 iii.
392 3783 412 3828 l.
429 3783 459 3839 3.,
472 3783 509 3828 33.
551 3785 666 3832 exsultare
683 3785 768 3832 oratio:
786 3792 858 3832 etant
873 3784 992 3830 translatio
