2472 4432
403 357 481 418 LlB.
498 357 520 417 I.
542 357 628 418 CAP.
652 361 699 417 10.
996 364 1031 420 15

85 515 202 602 polyto
217 513 284 580 lilio
297 536 363 578 non
378 526 459 580 esset
473 515 611 581 orbatus.
660 517 713 580 Ex
728 515 827 582 tribus
842 517 926 582 enim
941 529 1031 606 opta-

85 602 140 678 tis,
158 613 195 666 ut
210 601 370 678 scribitur,
386 600 446 665 hoc
466 613 532 666 erat
547 604 684 680 tertium,
702 602 788 688 quod
802 602 841 666 de
859 603 1030 690 Hippolyti

84 687 219 752 interitu
244 687 345 751 iratus
370 688 508 772 optavit:
536 710 599 772 quo
625 689 793 774 impetrato
818 687 852 752 in
876 689 1030 754 maximos

85 772 195 838 luctus
210 772 333 836 incidit.
380 773 450 838 Nec
464 773 616 859 promissa
624 775 723 861 igitur
732 774 882 839 servanda
897 787 971 840 sunt
980 799 1027 855 ea,

85 881 170 958 quae
184 859 250 923 sint
264 858 314 936 iis,
327 858 441 943 quibus
456 860 644 944 promiseris
661 859 785 924 inutilia
798 884 807 936 3
830 883 898 939 nec,
915 861 942 926 si
957 862 1029 948 plus

84 943 146 1008 tibi
162 955 311 1021 noceant,
329 966 423 1029 quam
437 945 484 1008 illi
498 946 630 1030 prosint,
647 945 699 1010 cui
714 946 903 1032 promiseris,
921 960 1030 1012 eontra

85 1029 227 1094 officium
249 1041 310 1107 est,
327 1031 430 1116 majus
452 1032 598 1116 anteponi
622 1032 746 1096 minori.
795 1031 854 1110 Ut,
872 1034 898 1098 si
913 1035 1029 1099 consti-

84 1116 184 1180 tueris
199 1115 341 1202 cuipiam
356 1125 387 1179 te
401 1115 588 1181 advocatum
603 1118 635 1182 in
651 1139 718 1181 rem
737 1119 947 1203 praesentem⁵
962 1143 1029 1185 esse

85 1213 269 1278 venturum,
281 1213 380 1286 atque
390 1201 514 1266 interim
529 1204 668 1289 graviter
682 1214 845 1290 aegrotare
860 1204 943 1269 filius
958 1229 1029 1269 eoe-

85 1287 179 1372 perit,
191 1310 257 1352 non
269 1286 310 1351 sit
321 1298 428 1352 contra
437 1287 582 1367 officium,
595 1290 781 1367 nonfacere,
812 1290 874 1354 uod
884 1290 1027 1368 dixeris⁶5

83 1372 255 1459 magisque
275 1373 342 1450 ille,
362 1373 412 1436 cni
434 1374 622 1459 promissum
637 1375 688 1453 sit,
705 1375 745 1439 ab
761 1311 863 1439 elicio
877 1375 1025 1455 discedat,

84 1457 112 1521 si
127 1480 162 1522 se
178 1457 369 1523 destitutum
384 1471 543 1560 queratur.
587 1464 662 1527 Jam
676 1459 753 1525 illis⁷
768 1461 926 1546 promissis
942 1474 1027 1528 stan-

84 1543 163 1606 dum
174 1544 240 1608 non
254 1566 335 1621 esse,
346 1567 416 1630 qurs
431 1567 495 1609 non
509 1545 605 1625 videt,
617 1569 699 1631 quae
709 1558 837 1611 coactus
846 1549 917 1631 quis
926 1562 1024 1626 metu,

84 1651 170 1714 quae
193 1630 347 1716 deeeptus
371 1629 443 1694 dolo
465 1632 669 1732 promiserit?
713 1637 766 1696 33.
793 1632 885 1706 Quae
900 1632 1027 1719 quidem

83 1715 236 1801 pleraque
246 1717 321 1802 jure
343 1727 496 1801 praetono
517 1716 701 1795 liberantur,
718 1717 870 1782 nonnulla
891 1718 920 1782 le
945 1719 1026 1785 ibus.

87 1801 259 1866 Exsistunt
280 1800 378 1866 etiam
399 1824 451 1866 sae
475 1825 493 1866 e
511 1803 644 1888 injuriae
660 1802 831 1868 calumnia³
845 1742 980 1888 quatiam
995 1818 1027 1871 et

84 1886 179 1950 nimis
195 1886 319 1964 callida,
334 1887 388 1951 sed
396 1825 552 1953 malitiosa
562 1891 644 1976 juris
658 1889 926 1976 interpretatione.
974 1891 1027 1956 Ex

85 1993 151 2057 quo
168 1972 259 2051 illud,
282 1975 444 2038 Summum
456 1975 515 2056 jus
536 1998 658 2040 summo
680 1974 824 2058 iujurial,
844 1977 1026 2042 factumest

81 2058 151 2142 jam
162 2059 273 2123 tritum
285 2080 427 2124 sermone
435 2061 648 2145 proverbium.
677 2062 751 2136 Quo
760 2061 792 2125 in
802 2084 919 2148 genere
931 2063 1026 2128 etiam

84 2145 119 2206 in
142 2167 174 2208 re
196 2144 327 2231 publica
347 2145 447 2209 multa
461 2159 651 2232 peccantur:
676 2159 711 2211 ut
726 2147 813 2225 ille¹⁰,
831 2149 896 2232 qui,
927 2171 1026 2234 quum

85 2229 218 2316 triginta
226 2229 348 2294 dierum
358 2242 461 2296 essent
474 2253 545 2295 eum
556 2231 647 2298 hoste
658 2232 797 2298 indutiae
806 2235 918 2311 sactae,
928 2247 1025 2300 noctu

85 2315 300 2401 populabatur
322 2338 424 2416 agros,
472 2317 535 2381 uod
556 2318 677 2383 dierum
698 2331 803 2383 essent
824 2331 945 2404 pactae,
960 2342 1025 2383 non

85 2401 228 2466 noctium
250 2401 400 2466 indutrae.
446 2339 498 2466 ille
520 2415 628 2468 noster
649 2403 775 2488 quidem
790 2404 979 2490 probandus,
998 2405 1025 2470 si

85 2509 195 2550 verum
217 2498 276 2565 est,
296 2487 339 2561 Q.
357 2487 493 2552 Fabium
515 2489 720 2553 Labeonem¹¹
736 2512 792 2554 seu
806 2512 900 2575 quem
915 2491 1022 2570 alium,

85 2571 181 2658 (nibil
195 2572 281 2636 enim
295 2571 398 2638 habeo
417 2585 539 2660 praeter
553 2574 705 2653 auditum,
722 2576 872 2640 arbitrum
890 2576 1024 2642 Nolanis

84 2670 117 2722 et
134 2658 357 2746 Neapolitanis
379 2658 417 2723 de
439 2659 556 2725 finibus
569 2683 589 2724 a
603 2673 714 2726 senatu
735 2660 855 2740 datum,
873 2684 970 2747 quum
986 2664 1025 2727 ad

83 2895 116 2940 N.
128 2895 160 2942 D.
171 2895 206 2942 iii.
219 2895 258 2942 ³1.
271 2893 310 2943 76.
344 2892 377 2957 (³)
390 2894 409 2941 l.
422 2909 442 2942 e.
454 2895 479 2941 in
496 2896 532 2956 ip·
574 2899 670 2954 Durdr.‚
687 2899 702 2925 ⁴‘
712 2899 748 2944 De
761 2899 843 2958 primis
855 2906 955 2960 quatuor
967 2915 1023 2960 per·

83 2974 134 3006 snm
150 2962 239 3016 locum,
251 2961 281 3006 de
293 2975 340 3020 quo
352 2969 387 3007 est
397 2967 533 3008 controver-
573 2964 635 3010 tibus
646 2964 710 3024 prins
722 2964 806 3019 dicam,
818 2965 903 3011 deinde
914 2967 1023 3013 subtilius

83 3025 131 3071 sia:
148 3026 415 3073 momentano.
449 3020 533 3087 (⁶)Sc.
573 3029 602 3074 de
620 3036 672 3075 octo
687 3028 829 3074 ecundis:”
845 3031 876 3076 ef.
894 3030 966 3076 etiarn
982 3032 1023 3078 illa

83 3098 105 3135 te
116 3089 243 3138 lucturum.
277 3087 310 3150 (7)
324 3091 341 3136 l.
353 3105 374 3136 e.
391 3090 485 3136 inillis:
503 3091 531 3138 ci.
571 3093 607 3139 ifr.
616 3095 1022 3154 29.102.,“nequepraecnrrerrtnec

82 3156 114 3200 od
123 3157 153 3202 A.
165 3156 189 3202 ii.
202 3155 265 3212 4.1.,
286 3157 301 3180 “
312 3155 335 3200 Si
346 3157 371 3201 in
381 3171 413 3210 eo,
425 3156 532 3215 quodos·
568 3166 666 3218 propter
670 3160 803 3220 pigritiam.
810 3157 1021 3214 .deserant;’'ii.15.

87 3221 202 3277 tenderat,
211 3235 260 3266 non
272 3219 344 3266 καθ’
368 3217 401 3282 (³)
410 3221 445 3266 Cf.
454 3221 481 3266 dc
491 3221 533 3268 Fa.
574 3223 621 3278 52..
631 3226 645 3250 ‘¹
656 3225 755 3270 Facilior
763 3232 798 3270 est
807 3224 864 3270 haec
868 3228 993 3285 posterior.
1003 3261 1022 3284 .,

85 3287 120 3331 11.
141 3286 196 3340 31.;
215 3285 259 3332 etsi
271 3285 383 3331 continuo
400 3286 449 3345 ipse
461 3285 534 3331 inter·
574 3289 663 3335 sedilla
674 3287 1021 3353 lautioracipiendidior;’'spr.

84 3358 196 3408 pretatur.
221 3347 256 3412 (⁹)
270 3349 306 3396 Gi.
319 3350 410 3397 Terent.
423 3350 455 3395 H.
467 3350 493 3397 Τ.
503 3352 533 3398 lv.
575 3353 597 3398 2.
618 3356 649 3410 5.,
668 3356 788 3401 interdum.
829 3355 941 3402 Ceterum
958 3359 1022 3417 qnod

83 3415 155 3462 5.47.
185 3411 232 3477 (¹⁰)
244 3415 390 3461 Cleomenes.
415 3417 533 3472 atenim,
574 3417 753 3478 intelligendum
768 3426 804 3466 est
817 3424 922 3479 peccavit
940 3423 1022 3468 exillo

82 3480 167 3527 dixerit
186 3481 248 3541 quis,
269 3494 311 3526 cur
330 3494 377 3527 non
399 3480 469 3526 etiem
490 3481 534 3528 hoc
571 3490 703 3542 peccantur,
719 3499 749 3530 ex
765 3485 856 3546 passivo
867 3487 976 3543 activum,
991 3502 1021 3532 ex

82 3546 131 3591 loco
138 3546 429 3592 addiditLaceduemoniur
439 3546 533 3592 utinfra
572 3549 690 3607 praesenti
707 3549 844 3609 perlectum,
861 3565 882 3598 v.
897 3553 934 3597 ed.
948 3553 970 3597 6.
984 3553 1019 3597 19.

82 3613 177 3656 amtor!
195 3611 234 3656 'l'u
246 3623 302 3655 vero
314 3611 485 3670 Wopkensium
493 3612 531 3657 edi
573 3627 619 3673 apr.
653 3610 697 3675 (¹¹)
706 3614 768 3662 Note
785 3623 924 3662 structurum
935 3617 966 3660 ad
977 3630 1020 3674 pe-

82 3675 150 3722 Mirc.
169 3675 236 3721 Ober.
257 3675 316 3722 Nou.
334 3683 390 3721 tom.
406 3675 429 3721 ii.
442 3690 464 3735 p.
478 3677 531 3730 484
573 3679 729 3726 rentbeticum
751 3679 818 3736 illud,
843 3682 864 3725 u*
885 3694 960 3725 aarum
977 3685 1020 3734 eet,

82 3741 143 3788 adde
168 3741 238 3788 Varr.
254 3740 283 3786 de
302 3739 331 3786 a
354 3740 384 3786 lt
402 3755 425 3801 p.
445 3742 482 3788 13.
493 3742 530 3790 ed.
573 3746 791 3794 accommodatum:
822 3744 850 3790 cl.
872 3743 894 3789 7.
914 3743 952 3788 22.
972 3757 1018 3803 rpr.
