<?xml version="1.0" encoding="UTF-8"?>
<!DOCTYPE html PUBLIC "-//W3C//DTD XHTML 1.0 Transitional//EN"
    "http://www.w3.org/TR/xhtml1/DTD/xhtml1-transitional.dtd">
<html xmlns="http://www.w3.org/1999/xhtml" xml:lang="en" lang="en">
 <head>
  <title>
</title>
<meta http-equiv="Content-Type" content="text/html;charset=utf-8" />
  <meta name='ocr-system' content='tesseract 3.04.00' />
  <meta name='ocr-capabilities' content='ocr_page ocr_carea ocr_par ocr_line ocrx_word'/>
</head>
<body>
  <div class='ocr_page' id='page_1' title='image "./deofficiislibri00allegoog_0062.png"; bbox 0 0 2472 4432; ppageno 0'>
   <div class='ocr_carea' id='block_1_1' title="bbox 399 358 1017 422">
    <p class='ocr_par' dir='ltr' id='par_1_1' title="bbox 399 358 1017 422">
     <span class='ocr_line' id='line_1_1' title="bbox 399 358 1017 422; baseline 0.003 -6"><span class='ocrx_word' id='word_1_1' title='bbox 399 358 476 422; x_wconf 85' lang='lat' dir='ltr'>LIB.</span> <span class='ocrx_word' id='word_1_2' title='bbox 498 359 521 419; x_wconf 93' lang='grc' dir='ltr'>Ι.</span> <span class='ocrx_word' id='word_1_3' title='bbox 543 359 634 418; x_wconf 89' lang='lat' dir='ltr'>CAP.</span> <span class='ocrx_word' id='word_1_4' title='bbox 655 361 702 418; x_wconf 82' lang='grc'>29.</span> <span class='ocrx_word' id='word_1_5' title='bbox 978 361 1017 418; x_wconf 84' lang='grc'>45</span> 
     </span>
    </p>
   </div>
   <div class='ocr_carea' id='block_1_2' title="bbox 57 517 1100 2240">
    <p class='ocr_par' dir='ltr' id='par_1_2' title="bbox 57 517 1100 2240">
     <span class='ocr_line' id='line_1_2' title="bbox 57 517 1015 605; baseline -0.001 -22"><span class='ocrx_word' id='word_1_6' title='bbox 57 542 148 584; x_wconf 90' lang='lat' dir='ltr'>mere</span> <span class='ocrx_word' id='word_1_7' title='bbox 160 543 202 586; x_wconf 89' lang='lat' dir='ltr'>ac</span> <span class='ocrx_word' id='word_1_8' title='bbox 212 519 363 596; x_wconf 85' lang='lat' dir='ltr'>fortuitu,</span> <span class='ocrx_word' id='word_1_9' title='bbox 370 517 595 582; x_wconf 88' lang='lat' dir='ltr'>inconsiderate</span> <span class='ocrx_word' id='word_1_10' title='bbox 604 517 1015 605; x_wconf 83' lang='lat' dir='ltr'>negligenterqucagamus.</span> 
     </span>
     <span class='ocr_line' id='line_1_3' title="bbox 59 603 1015 692; baseline -0.001 -24"><span class='ocrx_word' id='word_1_11' title='bbox 59 606 187 692; x_wconf 86' lang='lat' dir='ltr'><strong>Neque</strong></span> <span class='ocrx_word' id='word_1_12' title='bbox 204 607 293 671; x_wconf 89' lang='lat' dir='ltr'>enim</span> <span class='ocrx_word' id='word_1_13' title='bbox 308 605 357 670; x_wconf 87' lang='lat' dir='ltr'>ita</span> <span class='ocrx_word' id='word_1_14' title='bbox 372 605 512 692; x_wconf 85' lang='lat' dir='ltr'>generati</span> <span class='ocrx_word' id='word_1_15' title='bbox 526 616 666 669; x_wconf 87' lang='lat' dir='ltr'>anatura</span> <span class='ocrx_word' id='word_1_16' title='bbox 675 626 793 680; x_wconf 90' lang='lat' dir='ltr'>sumus,</span> <span class='ocrx_word' id='word_1_17' title='bbox 807 615 843 668; x_wconf 90' lang='lat' dir='ltr'>ut</span> <span class='ocrx_word' id='word_1_18' title='bbox 854 603 893 668; x_wconf 89' lang='lat' dir='ltr'>ad</span> <span class='ocrx_word' id='word_1_19' title='bbox 905 603 1015 687; x_wconf 71' lang='lat' dir='ltr'>ludum</span> 
     </span>
     <span class='ocr_line' id='line_1_4' title="bbox 57 689 1015 778; baseline 0.001 -25"><span class='ocrx_word' id='word_1_20' title='bbox 57 705 90 756; x_wconf 86' lang='lat' dir='ltr'>et</span> <span class='ocrx_word' id='word_1_21' title='bbox 109 693 232 778; x_wconf 90' lang='lat' dir='ltr'>jocum</span> <span class='ocrx_word' id='word_1_22' title='bbox 255 691 334 756; x_wconf 84' lang='lat' dir='ltr'>facti</span> <span class='ocrx_word' id='word_1_23' title='bbox 351 712 419 754; x_wconf 90' lang='lat' dir='ltr'>esse</span> <span class='ocrx_word' id='word_1_24' title='bbox 439 690 612 754; x_wconf 85' lang='lat' dir='ltr'>videamur:</span> <span class='ocrx_word' id='word_1_25' title='bbox 629 689 682 754; x_wconf 67' lang='lat' dir='ltr'>ad⁶</span> <span class='ocrx_word' id='word_1_26' title='bbox 696 691 894 754; x_wconf 85' lang='lat' dir='ltr'>severitatem</span> <span class='ocrx_word' id='word_1_27' title='bbox 909 691 1015 776; x_wconf 87' lang='lat' dir='ltr'>potius</span> 
     </span>
     <span class='ocr_line' id='line_1_5' title="bbox 58 775 1015 866; baseline 0 -26"><span class='ocrx_word' id='word_1_28' title='bbox 58 791 91 842; x_wconf 87' lang='lat' dir='ltr'>et</span> <span class='ocrx_word' id='word_1_29' title='bbox 107 779 151 843; x_wconf 92' lang='lat' dir='ltr'>ad</span> <span class='ocrx_word' id='word_1_30' title='bbox 167 777 334 866; x_wconf 80' lang='lat' dir='ltr'>quaedam</span> <span class='ocrx_word' id='word_1_31' title='bbox 350 775 453 840; x_wconf 88' lang='lat' dir='ltr'>studia</span> <span class='ocrx_word' id='word_1_32' title='bbox 466 776 610 862; x_wconf 85' lang='lat' dir='ltr'>graviora</span> <span class='ocrx_word' id='word_1_33' title='bbox 623 786 719 861; x_wconf 88' lang='lat' dir='ltr'>atque</span> <span class='ocrx_word' id='word_1_34' title='bbox 733 775 875 862; x_wconf 77' lang='lat' dir='ltr'>majora⁶.</span> <span class='ocrx_word' id='word_1_35' title='bbox 921 775 1015 841; x_wconf 92' lang='lat' dir='ltr'>Ludo</span> 
     </span>
     <span class='ocr_line' id='line_1_6' title="bbox 58 861 1015 950; baseline -0.002 -23"><span class='ocrx_word' id='word_1_36' title='bbox 58 875 172 928; x_wconf 89' lang='lat' dir='ltr'>autem</span> <span class='ocrx_word' id='word_1_37' title='bbox 190 876 225 929; x_wconf 90' lang='lat' dir='ltr'>et</span> <span class='ocrx_word' id='word_1_38' title='bbox 238 865 315 950; x_wconf 87' lang='lat' dir='ltr'>joco</span> <span class='ocrx_word' id='word_1_39' title='bbox 331 861 380 926; x_wconf 85' lang='lat' dir='ltr'>uti</span> <span class='ocrx_word' id='word_1_40' title='bbox 395 861 448 925; x_wconf 91' lang='lat' dir='ltr'>illo</span> <span class='ocrx_word' id='word_1_41' title='bbox 463 861 587 947; x_wconf 91' lang='lat' dir='ltr'>quidem</span> <span class='ocrx_word' id='word_1_42' title='bbox 610 861 705 938; x_wconf 81' lang='lat' dir='ltr'>licet3</span> <span class='ocrx_word' id='word_1_43' title='bbox 728 862 792 938; x_wconf 89' lang='lat' dir='ltr'>sed,</span> <span class='ocrx_word' id='word_1_44' title='bbox 810 863 891 927; x_wconf 88' lang='lat' dir='ltr'>sicut</span> <span class='ocrx_word' id='word_1_45' title='bbox 906 884 1015 927; x_wconf 93' lang='lat' dir='ltr'>somno</span> 
     </span>
     <span class='ocr_line' id='line_1_7' title="bbox 61 946 1014 1037; baseline -0.001 -25"><span class='ocrx_word' id='word_1_46' title='bbox 61 961 94 1013; x_wconf 88' lang='lat' dir='ltr'>et</span> <span class='ocrx_word' id='word_1_47' title='bbox 120 949 297 1037; x_wconf 81' lang='lat' dir='ltr'>quietibus</span> <span class='ocrx_word' id='word_1_48' title='bbox 320 946 443 1024; x_wconf 89' lang='lat' dir='ltr'>ceteris,</span> <span class='ocrx_word' id='word_1_49' title='bbox 467 959 546 1024; x_wconf 85' lang='lat' dir='ltr'>tum,</span> <span class='ocrx_word' id='word_1_50' title='bbox 575 970 673 1034; x_wconf 92' lang='lat' dir='ltr'>quum</span> <span class='ocrx_word' id='word_1_51' title='bbox 696 948 844 1034; x_wconf 86' lang='lat' dir='ltr'>gravibus</span> <span class='ocrx_word' id='word_1_52' title='bbox 864 948 1014 1034; x_wconf 90' lang='lat' dir='ltr'>seriisque</span> 
     </span>
     <span class='ocr_line' id='line_1_8' title="bbox 61 1033 1050 1119; baseline -0.002 -20"><span class='ocrx_word' id='word_1_53' title='bbox 61 1037 162 1100; x_wconf 89' lang='lat' dir='ltr'>rebus</span> <span class='ocrx_word' id='word_1_54' title='bbox 179 1033 441 1101; x_wconf 86' lang='lat' dir='ltr'>satisfecerimus.</span> <span class='ocrx_word' id='word_1_55' title='bbox 488 1033 660 1118; x_wconf 85' lang='lat' dir='ltr'>Ipsumque</span> <span class='ocrx_word' id='word_1_56' title='bbox 683 1055 785 1118; x_wconf 85' lang='lat' dir='ltr'>genus</span> <span class='ocrx_word' id='word_1_57' title='bbox 803 1035 929 1119; x_wconf 89' lang='lat' dir='ltr'>jocandi</span> <span class='ocrx_word' id='word_1_58' title='bbox 950 1056 1013 1098; x_wconf 94' lang='lat' dir='ltr'>non</span> <span class='ocrx_word' id='word_1_59' title='bbox 1047 1040 1050 1048; x_wconf 81' lang='lat'><em>&#39;</em></span> 
     </span>
     <span class='ocr_line' id='line_1_9' title="bbox 62 1118 1014 1206; baseline -0.001 -21"><span class='ocrx_word' id='word_1_60' title='bbox 62 1123 238 1206; x_wconf 80' lang='lat' dir='ltr'>profusum</span> <span class='ocrx_word' id='word_1_61' title='bbox 252 1143 314 1185; x_wconf 91' lang='lat' dir='ltr'>nec</span> <span class='ocrx_word' id='word_1_62' title='bbox 329 1118 560 1197; x_wconf 91' lang='lat' dir='ltr'>immodestum,</span> <span class='ocrx_word' id='word_1_63' title='bbox 578 1118 632 1182; x_wconf 91' lang='lat' dir='ltr'>sed</span> <span class='ocrx_word' id='word_1_64' title='bbox 641 1118 816 1204; x_wconf 87' lang='lat' dir='ltr'>ingenuum</span> <span class='ocrx_word' id='word_1_65' title='bbox 832 1130 863 1184; x_wconf 88' lang='lat' dir='ltr'>et</span> <span class='ocrx_word' id='word_1_66' title='bbox 877 1121 1014 1185; x_wconf 85' lang='lat' dir='ltr'>facetum</span> 
     </span>
     <span class='ocr_line' id='line_1_10' title="bbox 63 1204 1014 1291; baseline -0.002 -21"><span class='ocrx_word' id='word_1_67' title='bbox 63 1229 132 1272; x_wconf 88' lang='lat' dir='ltr'>esse</span> <span class='ocrx_word' id='word_1_68' title='bbox 148 1208 264 1274; x_wconf 89' lang='lat' dir='ltr'>debet.</span> <span class='ocrx_word' id='word_1_69' title='bbox 315 1205 367 1270; x_wconf 90' lang='lat' dir='ltr'>Ut</span> <span class='ocrx_word' id='word_1_70' title='bbox 389 1204 471 1268; x_wconf 91' lang='lat' dir='ltr'>enim</span> <span class='ocrx_word' id='word_1_71' title='bbox 493 1205 597 1291; x_wconf 89' lang='lat' dir='ltr'>pueris</span> <span class='ocrx_word' id='word_1_72' title='bbox 619 1227 681 1268; x_wconf 90' lang='lat' dir='ltr'>non</span> <span class='ocrx_word' id='word_1_73' title='bbox 698 1226 821 1269; x_wconf 83' lang='lat' dir='ltr'>ornnem</span> <span class='ocrx_word' id='word_1_74' title='bbox 837 1205 963 1270; x_wconf 92' lang='lat' dir='ltr'>ludendi</span> <span class='ocrx_word' id='word_1_75' title='bbox 977 1205 1014 1269; x_wconf 93' lang='lat' dir='ltr'>li-</span> 
     </span>
     <span class='ocr_line' id='line_1_11' title="bbox 66 1289 1015 1376; baseline -0.001 -19"><span class='ocrx_word' id='word_1_76' title='bbox 66 1295 209 1359; x_wconf 84' lang='lat' dir='ltr'>centiam</span> <span class='ocrx_word' id='word_1_77' title='bbox 225 1294 352 1367; x_wconf 77' lang='lat' dir='ltr'>damuS,</span> <span class='ocrx_word' id='word_1_78' title='bbox 371 1290 516 1368; x_wconf 88' lang='lat' dir='ltr'>sedeam,</span> <span class='ocrx_word' id='word_1_79' title='bbox 533 1313 613 1376; x_wconf 89' lang='lat' dir='ltr'>quae</span> <span class='ocrx_word' id='word_1_80' title='bbox 628 1291 668 1354; x_wconf 86' lang='lat' dir='ltr'>ab</span> <span class='ocrx_word' id='word_1_81' title='bbox 683 1289 870 1356; x_wconf 85' lang='lat' dir='ltr'>honestatis⁷</span> <span class='ocrx_word' id='word_1_82' title='bbox 885 1291 1015 1356; x_wconf 88' lang='lat' dir='ltr'>actioni·</span> 
     </span>
     <span class='ocr_line' id='line_1_12' title="bbox 65 1376 1015 1464; baseline -0.002 -22"><span class='ocrx_word' id='word_1_83' title='bbox 65 1379 124 1444; x_wconf 88' lang='lat' dir='ltr'>bus</span> <span class='ocrx_word' id='word_1_84' title='bbox 140 1403 211 1444; x_wconf 94' lang='lat' dir='ltr'>non</span> <span class='ocrx_word' id='word_1_85' title='bbox 228 1380 271 1444; x_wconf 88' lang='lat' dir='ltr'>sit</span> <span class='ocrx_word' id='word_1_86' title='bbox 285 1377 411 1452; x_wconf 85' lang='lat' dir='ltr'>aliena;</span> <span class='ocrx_word' id='word_1_87' title='bbox 433 1376 478 1440; x_wconf 92' lang='lat' dir='ltr'>sic</span> <span class='ocrx_word' id='word_1_88' title='bbox 498 1376 530 1439; x_wconf 94' lang='lat' dir='ltr'>in</span> <span class='ocrx_word' id='word_1_89' title='bbox 551 1376 561 1438; x_wconf 94' lang='lat' dir='ltr'>i</span> <span class='ocrx_word' id='word_1_90' title='bbox 585 1399 620 1441; x_wconf 93' lang='lat' dir='ltr'>so</span> <span class='ocrx_word' id='word_1_91' title='bbox 635 1377 703 1441; x_wconf 82' lang='lat' dir='ltr'>‘oco</span> <span class='ocrx_word' id='word_1_92' title='bbox 719 1376 847 1462; x_wconf 83' lang='lat' dir='ltr'>aliquod</span> <span class='ocrx_word' id='word_1_93' title='bbox 861 1377 951 1464; x_wconf 85' lang='lat' dir='ltr'>probi</span> <span class='ocrx_word' id='word_1_94' title='bbox 966 1376 1015 1440; x_wconf 91' lang='lat' dir='ltr'>in-</span> 
     </span>
     <span class='ocr_line' id='line_1_13' title="bbox 66 1399 1100 1550; baseline -0.001 -22"><span class='ocrx_word' id='word_1_95' title='bbox 66 1465 154 1550; x_wconf 88' lang='lat' dir='ltr'>genii</span> <span class='ocrx_word' id='word_1_96' title='bbox 166 1467 281 1530; x_wconf 91' lang='lat' dir='ltr'>lumen</span> <span class='ocrx_word' id='word_1_97' title='bbox 290 1463 426 1527; x_wconf 89' lang='lat' dir='ltr'>eluceat.</span> <span class='ocrx_word' id='word_1_98' title='bbox 466 1466 536 1526; x_wconf 77' lang='lat'>104.</span> <span class='ocrx_word' id='word_1_99' title='bbox 587 1399 682 1547; x_wconf 84' lang='lat' dir='ltr'>uplex</span> <span class='ocrx_word' id='word_1_100' title='bbox 692 1463 819 1527; x_wconf 91' lang='lat' dir='ltr'>omnino</span> <span class='ocrx_word' id='word_1_101' title='bbox 832 1463 1013 1549; x_wconf 87' lang='lat' dir='ltr'>estjocandi</span> <span class='ocrx_word' id='word_1_102' title='bbox 1099 1485 1100 1490; x_wconf 50' lang='lat'>¹</span> 
     </span>
     <span class='ocr_line' id='line_1_14' title="bbox 67 1547 1014 1635; baseline 0 -21"><span class='ocrx_word' id='word_1_103' title='bbox 67 1573 190 1635; x_wconf 85' lang='lat' dir='ltr'>genus:</span> <span class='ocrx_word' id='word_1_104' title='bbox 214 1571 317 1614; x_wconf 91' lang='lat' dir='ltr'>unum</span> <span class='ocrx_word' id='word_1_105' title='bbox 328 1547 490 1626; x_wconf 86' lang='lat' dir='ltr'>illiberale,</span> <span class='ocrx_word' id='word_1_106' title='bbox 501 1547 658 1634; x_wconf 85' lang='lat' dir='ltr'>petulans,</span> <span class='ocrx_word' id='word_1_107' title='bbox 670 1547 874 1634; x_wconf 85' lang='lat' dir='ltr'>flagitiosum,</span> <span class='ocrx_word' id='word_1_108' title='bbox 887 1549 1014 1614; x_wconf 89' lang='lat' dir='ltr'>obscoe-</span> 
     </span>
     <span class='ocr_line' id='line_1_15' title="bbox 67 1633 1014 1756; baseline 0 -58"><span class='ocrx_word' id='word_1_109' title='bbox 67 1658 164 1714; x_wconf 92' lang='lat' dir='ltr'>num;</span> <span class='ocrx_word' id='word_1_110' title='bbox 189 1637 330 1702; x_wconf 85' lang='lat' dir='ltr'>alterum</span> <span class='ocrx_word' id='word_1_111' title='bbox 353 1633 489 1720; x_wconf 81' lang='lat' dir='ltr'>elegans,</span> <span class='ocrx_word' id='word_1_112' title='bbox 509 1635 673 1710; x_wconf 89' lang='lat' dir='ltr'>urbanum,</span> <span class='ocrx_word' id='word_1_113' title='bbox 699 1634 911 1756; x_wconf 50' lang='lat' dir='ltr'>ingeniosum,</span> <span class='ocrx_word' id='word_1_114' title='bbox 932 1635 1014 1700; x_wconf 84' lang='lat' dir='ltr'>face·</span> 
     </span>
     <span class='ocr_line' id='line_1_16' title="bbox 70 1719 1015 1810; baseline -0.001 -26"><span class='ocrx_word' id='word_1_115' title='bbox 70 1733 158 1788; x_wconf 86' lang='lat' dir='ltr'>tum:</span> <span class='ocrx_word' id='word_1_116' title='bbox 182 1746 251 1810; x_wconf 92' lang='lat' dir='ltr'>quo</span> <span class='ocrx_word' id='word_1_117' title='bbox 274 1741 393 1808; x_wconf 86' lang='lat' dir='ltr'>genere</span> <span class='ocrx_word' id='word_1_118' title='bbox 407 1742 470 1784; x_wconf 94' lang='lat' dir='ltr'>non</span> <span class='ocrx_word' id='word_1_119' title='bbox 487 1719 582 1784; x_wconf 91' lang='lat' dir='ltr'>modo</span> <span class='ocrx_word' id='word_1_120' title='bbox 599 1719 732 1784; x_wconf 86' lang='lat' dir='ltr'>Plautus</span> <span class='ocrx_word' id='word_1_121' title='bbox 759 1731 865 1784; x_wconf 89' lang='lat' dir='ltr'>noster</span> <span class='ocrx_word' id='word_1_122' title='bbox 880 1731 912 1784; x_wconf 90' lang='lat' dir='ltr'>et</span> <span class='ocrx_word' id='word_1_123' title='bbox 929 1720 1015 1784; x_wconf 90' lang='lat' dir='ltr'>Atti·</span> 
     </span>
     <span class='ocr_line' id='line_1_17' title="bbox 69 1804 1014 1892; baseline -0.002 -21"><span class='ocrx_word' id='word_1_124' title='bbox 69 1831 180 1874; x_wconf 87' lang='lat' dir='ltr'>corum</span> <span class='ocrx_word' id='word_1_125' title='bbox 205 1808 341 1892; x_wconf 89' lang='lat' dir='ltr'>antiqua</span> <span class='ocrx_word' id='word_1_126' title='bbox 367 1805 535 1882; x_wconf 85' lang='lat' dir='ltr'>comoedia,</span> <span class='ocrx_word' id='word_1_127' title='bbox 561 1804 732 1870; x_wconf 84' lang='lat' dir='ltr'>sedetiam</span> <span class='ocrx_word' id='word_1_128' title='bbox 755 1805 1014 1892; x_wconf 89' lang='lat' dir='ltr'>philosophorum</span> 
     </span>
     <span class='ocr_line' id='line_1_18' title="bbox 74 1891 1014 1978; baseline -0.003 -21"><span class='ocrx_word' id='word_1_129' title='bbox 74 1894 315 1960; x_wconf 84' lang='lat' dir='ltr'>Socraticorum</span> <span class='ocrx_word' id='word_1_130' title='bbox 337 1891 410 1956; x_wconf 89' lang='lat' dir='ltr'>libri</span> <span class='ocrx_word' id='word_1_131' title='bbox 430 1892 536 1956; x_wconf 88' lang='lat' dir='ltr'>referti</span> <span class='ocrx_word' id='word_1_132' title='bbox 551 1902 643 1967; x_wconf 84' lang='lat' dir='ltr'>sunt3</span> <span class='ocrx_word' id='word_1_133' title='bbox 666 1891 829 1978; x_wconf 86' lang='lat' dir='ltr'>multaque</span> <span class='ocrx_word' id='word_1_134' title='bbox 844 1891 1014 1957; x_wconf 86' lang='lat' dir='ltr'>multorum</span> 
     </span>
     <span class='ocr_line' id='line_1_19' title="bbox 70 1977 1011 2062; baseline 0.001 -21"><span class='ocrx_word' id='word_1_135' title='bbox 70 1980 172 2046; x_wconf 87' lang='lat' dir='ltr'>facete</span> <span class='ocrx_word' id='word_1_136' title='bbox 187 1981 284 2056; x_wconf 88' lang='lat' dir='ltr'>dicta,</span> <span class='ocrx_word' id='word_1_137' title='bbox 302 1988 339 2042; x_wconf 90' lang='lat' dir='ltr'>ut</span> <span class='ocrx_word' id='word_1_138' title='bbox 355 1999 401 2055; x_wconf 87' lang='lat' dir='ltr'>ea,</span> <span class='ocrx_word' id='word_1_139' title='bbox 418 1999 498 2062; x_wconf 87' lang='lat' dir='ltr'>quae</span> <span class='ocrx_word' id='word_1_140' title='bbox 518 1999 537 2042; x_wconf 85' lang='lat' dir='ltr'>a</span> <span class='ocrx_word' id='word_1_141' title='bbox 550 1999 624 2042; x_wconf 89' lang='lat' dir='ltr'>sene</span> <span class='ocrx_word' id='word_1_142' title='bbox 642 1977 765 2042; x_wconf 87' lang='lat' dir='ltr'>Catone</span> <span class='ocrx_word' id='word_1_143' title='bbox 779 1978 913 2043; x_wconf 88' lang='lat' dir='ltr'>collecta</span> <span class='ocrx_word' id='word_1_144' title='bbox 927 1988 1011 2055; x_wconf 86' lang='lat' dir='ltr'>sunt,</span> 
     </span>
     <span class='ocr_line' id='line_1_20' title="bbox 72 2063 1014 2150; baseline -0.005 -18"><span class='ocrx_word' id='word_1_145' title='bbox 72 2087 152 2150; x_wconf 82' lang='lat' dir='ltr'>quae</span> <span class='ocrx_word' id='word_1_146' title='bbox 168 2076 288 2132; x_wconf 86' lang='lat' dir='ltr'>vocant</span> <span class='ocrx_word' id='word_1_147' title='bbox 304 2063 538 2150; x_wconf 80' lang='grc' dir='ltr'><strong>ἀποφθέγματα.</strong></span> <span class='ocrx_word' id='word_1_148' title='bbox 576 2063 691 2127; x_wconf 86' lang='lat' dir='ltr'>Facilis</span> <span class='ocrx_word' id='word_1_149' title='bbox 701 2063 800 2150; x_wconf 87' lang='lat' dir='ltr'>igitur</span> <span class='ocrx_word' id='word_1_150' title='bbox 821 2075 869 2128; x_wconf 92' lang='lat' dir='ltr'>est</span> <span class='ocrx_word' id='word_1_151' title='bbox 886 2064 1014 2130; x_wconf 85' lang='lat' dir='ltr'>distinc-</span> 
     </span>
     <span class='ocr_line' id='line_1_21' title="bbox 73 2149 1014 2240; baseline 0.002 -28"><span class='ocrx_word' id='word_1_152' title='bbox 73 2151 116 2214; x_wconf 90' lang='lat' dir='ltr'>tio</span> <span class='ocrx_word' id='word_1_153' title='bbox 131 2153 269 2240; x_wconf 87' lang='lat' dir='ltr'>ingenui</span> <span class='ocrx_word' id='word_1_154' title='bbox 292 2161 325 2214; x_wconf 89' lang='lat' dir='ltr'>et</span> <span class='ocrx_word' id='word_1_155' title='bbox 345 2149 505 2214; x_wconf 85' lang='lat' dir='ltr'>illiberalis</span> <span class='ocrx_word' id='word_1_156' title='bbox 516 2150 593 2235; x_wconf 89' lang='lat' dir='ltr'>joci.</span> <span class='ocrx_word' id='word_1_157' title='bbox 640 2149 730 2213; x_wconf 87' lang='lat' dir='ltr'>Alter</span> <span class='ocrx_word' id='word_1_158' title='bbox 744 2161 803 2226; x_wconf 89' lang='lat' dir='ltr'>est,</span> <span class='ocrx_word' id='word_1_159' title='bbox 820 2150 846 2215; x_wconf 93' lang='lat' dir='ltr'>si</span> <span class='ocrx_word' id='word_1_160' title='bbox 861 2149 1014 2236; x_wconf 83' lang='lat' dir='ltr'>tempore⁹</span> 
     </span>
    </p>
   </div>
   <div class='ocr_carea' id='block_1_3' title="bbox 74 2233 1013 2385">
    <p class='ocr_par' dir='ltr' id='par_1_3' title="bbox 74 2233 1013 2385">
     <span class='ocr_line' id='line_1_22' title="bbox 74 2233 1013 2385; baseline -0.001 -86"><span class='ocrx_word' id='word_1_161' title='bbox 74 2236 108 2301; x_wconf 85' lang='lat' dir='ltr'>fit</span> <span class='ocrx_word' id='word_1_162' title='bbox 122 2261 161 2304; x_wconf 92' lang='lat' dir='ltr'>ac</span> <span class='ocrx_word' id='word_1_163' title='bbox 182 2237 317 2302; x_wconf 89' lang='lat' dir='ltr'>remisso</span> <span class='ocrx_word' id='word_1_164' title='bbox 332 2235 446 2313; x_wconf 88' lang='lat' dir='ltr'>animo,</span> <span class='ocrx_word' id='word_1_165' title='bbox 463 2234 620 2299; x_wconf 85' lang='lat' dir='ltr'>honesto¹⁰</span> <span class='ocrx_word' id='word_1_166' title='bbox 633 2233 760 2299; x_wconf 90' lang='lat' dir='ltr'>homine</span> <span class='ocrx_word' id='word_1_167' title='bbox 776 2237 911 2385; x_wconf 56' lang='lat' dir='ltr'>difinus3</span> <span class='ocrx_word' id='word_1_168' title='bbox 934 2235 1013 2299; x_wconf 86' lang='lat' dir='ltr'>alter</span> 
     </span>
    </p>
   </div>
   <div class='ocr_carea' id='block_1_4' title="bbox 74 2320 1013 2578">
    <p class='ocr_par' dir='ltr' id='par_1_4' title="bbox 74 2320 1013 2578">
     <span class='ocr_line' id='line_1_23' title="bbox 74 2320 1013 2408; baseline 0.002 -24"><span class='ocrx_word' id='word_1_169' title='bbox 74 2324 224 2390; x_wconf 86' lang='lat' dir='ltr'>nelibero</span> <span class='ocrx_word' id='word_1_170' title='bbox 236 2321 377 2408; x_wconf 92' lang='lat' dir='ltr'>quidem,</span> <span class='ocrx_word' id='word_1_171' title='bbox 390 2322 531 2386; x_wconf 75' lang='lat' dir='ltr'>sirenum</span> <span class='ocrx_word' id='word_1_172' title='bbox 545 2320 754 2407; x_wconf 79' lang='lat' dir='ltr'>turpitudini¹¹</span> <span class='ocrx_word' id='word_1_173' title='bbox 769 2323 807 2386; x_wconf 88' lang='lat' dir='ltr'>ad</span> <span class='ocrx_word' id='word_1_174' title='bbox 831 2323 934 2388; x_wconf 87' lang='lat' dir='ltr'>ibetur</span> <span class='ocrx_word' id='word_1_175' title='bbox 944 2343 1013 2386; x_wconf 86' lang='lat' dir='ltr'>ver-</span> 
     </span>
     <span class='ocr_line' id='line_1_24' title="bbox 75 2406 1013 2494; baseline 0 -24"><span class='ocrx_word' id='word_1_176' title='bbox 75 2407 186 2474; x_wconf 89' lang='lat' dir='ltr'>borum</span> <span class='ocrx_word' id='word_1_177' title='bbox 202 2407 412 2474; x_wconf 85' lang='lat' dir='ltr'>obscoenitas.</span> <span class='ocrx_word' id='word_1_178' title='bbox 457 2406 603 2471; x_wconf 90' lang='lat' dir='ltr'>Ludendi</span> <span class='ocrx_word' id='word_1_179' title='bbox 625 2407 722 2470; x_wconf 88' lang='lat' dir='ltr'>etiam</span> <span class='ocrx_word' id='word_1_180' title='bbox 741 2408 930 2494; x_wconf 87' lang='lat' dir='ltr'>estquidam</span> <span class='ocrx_word' id='word_1_181' title='bbox 945 2429 1013 2471; x_wconf 93' lang='lat' dir='ltr'>mo-</span> 
     </span>
     <span class='ocr_line' id='line_1_25' title="bbox 76 2491 1012 2578; baseline 0.003 -23"><span class='ocrx_word' id='word_1_182' title='bbox 76 2492 131 2559; x_wconf 88' lang='lat' dir='ltr'>dus</span> <span class='ocrx_word' id='word_1_183' title='bbox 146 2494 342 2571; x_wconf 87' lang='lat' dir='ltr'>retinendus,</span> <span class='ocrx_word' id='word_1_184' title='bbox 359 2503 448 2557; x_wconf 91' lang='lat' dir='ltr'>utne</span> <span class='ocrx_word' id='word_1_185' title='bbox 463 2491 580 2557; x_wconf 76' lang='lat' dir='ltr'>nimis¹²</span> <span class='ocrx_word' id='word_1_186' title='bbox 594 2491 699 2556; x_wconf 88' lang='lat' dir='ltr'>omnia</span> <span class='ocrx_word' id='word_1_187' title='bbox 713 2493 937 2578; x_wconf 84' lang='lat' dir='ltr'>profundamus</span> <span class='ocrx_word' id='word_1_188' title='bbox 949 2492 1012 2558; x_wconf 89' lang='lat' dir='ltr'>ela-</span> 
     </span>
    </p>
   </div>
   <div class='ocr_carea' id='block_1_5' title="bbox 78 2664 1012 3904">
    <p class='ocr_par' dir='ltr' id='par_1_5' title="bbox 78 2664 1012 3834">
     <span class='ocr_line' id='line_1_26' title="bbox 79 2664 1009 2730; baseline 0.003 -17"><span class='ocrx_word' id='word_1_189' title='bbox 79 2670 107 2714; x_wconf 77' lang='lat' dir='ltr'>ad</span> <span class='ocrx_word' id='word_1_190' title='bbox 118 2671 147 2718; x_wconf 83' lang='lat' dir='ltr'>dc</span> <span class='ocrx_word' id='word_1_191' title='bbox 158 2671 200 2718; x_wconf 81' lang='lat' dir='ltr'>Fu.</span> <span class='ocrx_word' id='word_1_192' title='bbox 215 2671 254 2717; x_wconf 79' lang='lat'>1³.</span> <span class='ocrx_word' id='word_1_193' title='bbox 263 2671 302 2716; x_wconf 81' lang='lat'>29.</span> <span class='ocrx_word' id='word_1_194' title='bbox 337 2664 370 2730; x_wconf 55' lang='grc' dir='ltr'>(ὅ)</span> <span class='ocrx_word' id='word_1_195' title='bbox 383 2667 427 2724; x_wconf 87' lang='lat' dir='ltr'>Sic,</span> <span class='ocrx_word' id='word_1_196' title='bbox 439 2667 524 2715; x_wconf 83' lang='lat' dir='ltr'>omisso</span> <span class='ocrx_word' id='word_1_197' title='bbox 564 2668 633 2714; x_wconf 89' lang='lat' dir='ltr'>modo</span> <span class='ocrx_word' id='word_1_198' title='bbox 645 2666 675 2713; x_wconf 89' lang='lat' dir='ltr'>sit</span> <span class='ocrx_word' id='word_1_199' title='bbox 685 2667 743 2714; x_wconf 87' lang='lat' dir='ltr'>liber</span> <span class='ocrx_word' id='word_1_200' title='bbox 751 2665 849 2730; x_wconf 88' lang='lat' dir='ltr'>(quippe</span> <span class='ocrx_word' id='word_1_201' title='bbox 856 2675 932 2728; x_wconf 87' lang='lat' dir='ltr'>potest</span> <span class='ocrx_word' id='word_1_202' title='bbox 938 2669 1009 2716; x_wconf 83' lang='lat' dir='ltr'>etium</span> 
     </span>
     <span class='ocr_line' id='line_1_27' title="bbox 78 2733 1011 2796; baseline 0.003 -18"><span class='ocrx_word' id='word_1_203' title='bbox 78 2737 123 2791; x_wconf 78' lang='lat' dir='ltr'>scd,</span> <span class='ocrx_word' id='word_1_204' title='bbox 135 2738 181 2784; x_wconf 86' lang='lat' dir='ltr'>Gn.</span> <span class='ocrx_word' id='word_1_205' title='bbox 193 2744 249 2791; x_wconf 87' lang='lat' dir='ltr'>tres,</span> <span class='ocrx_word' id='word_1_206' title='bbox 263 2735 334 2780; x_wconf 90' lang='lat' dir='ltr'>Bern.</span> <span class='ocrx_word' id='word_1_207' title='bbox 344 2733 382 2779; x_wconf 79' lang='lat'>3.:</span> <span class='ocrx_word' id='word_1_208' title='bbox 399 2735 430 2779; x_wconf 81' lang='lat' dir='ltr'>ci.</span> <span class='ocrx_word' id='word_1_209' title='bbox 441 2733 474 2779; x_wconf 92' lang='lat' dir='ltr'>iii.</span> <span class='ocrx_word' id='word_1_210' title='bbox 485 2735 523 2780; x_wconf 87' lang='grc'>13.</span> <span class='ocrx_word' id='word_1_211' title='bbox 564 2748 614 2780; x_wconf 86' lang='lat' dir='ltr'>esse</span> <span class='ocrx_word' id='word_1_212' title='bbox 632 2733 715 2792; x_wconf 88' lang='lat' dir='ltr'>aliquis</span> <span class='ocrx_word' id='word_1_213' title='bbox 733 2748 779 2779; x_wconf 92' lang='lat' dir='ltr'>non</span> <span class='ocrx_word' id='word_1_214' title='bbox 791 2734 923 2794; x_wconf 82' lang='lat' dir='ltr'>aptissimus</span> <span class='ocrx_word' id='word_1_215' title='bbox 935 2736 965 2781; x_wconf 78' lang='lat' dir='ltr'>ad</span> <span class='ocrx_word' id='word_1_216' title='bbox 972 2737 1011 2796; x_wconf 88' lang='lat' dir='ltr'>jo·</span> 
     </span>
     <span class='ocr_line' id='line_1_28' title="bbox 79 2793 1011 2863; baseline 0.004 -20"><span class='ocrx_word' id='word_1_217' title='bbox 79 2799 164 2847; x_wconf 62' lang='lat' dir='ltr'>stin.</span> <span class='ocrx_word' id='word_1_218' title='bbox 199 2796 234 2863; x_wconf 83' lang='lat'>(⁶)</span> <span class='ocrx_word' id='word_1_219' title='bbox 247 2796 485 2854; x_wconf 63' lang='lat' dir='ltr'>cedentum,</span> <span class='ocrx_word' id='word_1_220' title='bbox 502 2814 523 2843; x_wconf 87' lang='lat' dir='ltr'>v.</span> <span class='ocrx_word' id='word_1_221' title='bbox 564 2793 686 2858; x_wconf 88' lang='lat' dir='ltr'>candum),</span> <span class='ocrx_word' id='word_1_222' title='bbox 706 2806 730 2844; x_wconf 91' lang='lat' dir='ltr'>et</span> <span class='ocrx_word' id='word_1_223' title='bbox 746 2800 845 2844; x_wconf 87' lang='lat' dir='ltr'>alterurn</span> <span class='ocrx_word' id='word_1_224' title='bbox 867 2799 963 2846; x_wconf 89' lang='lat' dir='ltr'>omnino</span> <span class='ocrx_word' id='word_1_225' title='bbox 981 2815 1011 2848; x_wconf 86' lang='lat' dir='ltr'>ne</span> 
     </span>
     <span class='ocr_line' id='line_1_29' title="bbox 79 2863 1011 2928; baseline 0.002 -20"><span class='ocrx_word' id='word_1_226' title='bbox 79 2864 145 2912; x_wconf 80' lang='lat' dir='ltr'>8.2l.</span> <span class='ocrx_word' id='word_1_227' title='bbox 179 2863 215 2928; x_wconf 83' lang='lat'>(¹)</span> <span class='ocrx_word' id='word_1_228' title='bbox 228 2865 266 2911; x_wconf 89' lang='lat' dir='ltr'>Sic</span> <span class='ocrx_word' id='word_1_229' title='bbox 283 2864 354 2911; x_wconf 89' lang='lat' dir='ltr'>etiam</span> <span class='ocrx_word' id='word_1_230' title='bbox 371 2865 400 2911; x_wconf 85' lang='lat' dir='ltr'>R.</span> <span class='ocrx_word' id='word_1_231' title='bbox 416 2877 478 2917; x_wconf 81' lang='lat' dir='ltr'>om.;</span> <span class='ocrx_word' id='word_1_232' title='bbox 495 2864 524 2908; x_wconf 87' lang='lat' dir='ltr'>al.</span> <span class='ocrx_word' id='word_1_233' title='bbox 564 2863 933 2923; x_wconf 84' lang='lat' dir='ltr'>hominequidemdignumesse.</span> <span class='ocrx_word' id='word_1_234' title='bbox 956 2865 1011 2911; x_wconf 85' lang='lat' dir='ltr'>Jam</span> 
     </span>
     <span class='ocr_line' id='line_1_30' title="bbox 78 2927 1012 2993; baseline -0.002 -15"><span class='ocrx_word' id='word_1_235' title='bbox 78 2929 180 2978; x_wconf 66' lang='lat' dir='ltr'>bustu</span> <span class='ocrx_word' id='word_1_236' title='bbox 214 2927 251 2993; x_wconf 81' lang='lat'>(⁸)</span> <span class='ocrx_word' id='word_1_237' title='bbox 263 2929 339 2976; x_wconf 83' lang='lat' dir='ltr'>Aliter</span> <span class='ocrx_word' id='word_1_238' title='bbox 355 2936 434 2976; x_wconf 80' lang='lat' dir='ltr'>censet</span> <span class='ocrx_word' id='word_1_239' title='bbox 446 2928 523 2975; x_wconf 83' lang='lat' dir='ltr'>Hora·</span> <span class='ocrx_word' id='word_1_240' title='bbox 563 2944 619 2976; x_wconf 89' lang='lat' dir='ltr'>vero</span> <span class='ocrx_word' id='word_1_241' title='bbox 630 2930 693 2990; x_wconf 91' lang='lat' dir='ltr'>quod</span> <span class='ocrx_word' id='word_1_242' title='bbox 703 2929 874 2990; x_wconf 85' lang='lat' dir='ltr'>scripsitlieus.</span> <span class='ocrx_word' id='word_1_243' title='bbox 886 2931 907 2976; x_wconf 77' lang='lat' dir='ltr'>si</span> <span class='ocrx_word' id='word_1_244' title='bbox 915 2936 1012 2990; x_wconf 79' lang='lat' dir='ltr'>tempore</span> 
     </span>
     <span class='ocr_line' id='line_1_31' title="bbox 79 2994 1012 3056; baseline 0.002 -18"><span class='ocrx_word' id='word_1_245' title='bbox 79 2995 139 3041; x_wconf 83' lang='lat' dir='ltr'>tius:</span> <span class='ocrx_word' id='word_1_246' title='bbox 156 3012 178 3043; x_wconf 86' lang='lat' dir='ltr'>v.</span> <span class='ocrx_word' id='word_1_247' title='bbox 189 2997 288 3043; x_wconf 81' lang='lat' dir='ltr'>Becker.</span> <span class='ocrx_word' id='word_1_248' title='bbox 300 2996 328 3041; x_wconf 81' lang='lat' dir='ltr'>de</span> <span class='ocrx_word' id='word_1_249' title='bbox 340 2995 434 3042; x_wconf 79' lang='lat' dir='ltr'>Cornicis</span> <span class='ocrx_word' id='word_1_250' title='bbox 454 3008 477 3054; x_wconf 90' lang='lat' dir='ltr'>p.</span> <span class='ocrx_word' id='word_1_251' title='bbox 486 2995 523 3040; x_wconf 82' lang='lat'>59.</span> <span class='ocrx_word' id='word_1_252' title='bbox 558 2995 596 3055; x_wconf 74' lang='lat' dir='ltr'>fit,</span> <span class='ocrx_word' id='word_1_253' title='bbox 604 2999 695 3044; x_wconf 78' lang='lat' dir='ltr'>remisso</span> <span class='ocrx_word' id='word_1_254' title='bbox 700 2996 785 3042; x_wconf 80' lang='lat' dir='ltr'>homino</span> <span class='ocrx_word' id='word_1_255' title='bbox 792 2996 882 3056; x_wconf 80' lang='lat' dir='ltr'>dignus,</span> <span class='ocrx_word' id='word_1_256' title='bbox 889 2994 953 3041; x_wconf 88' lang='lat' dir='ltr'>istud</span> <span class='ocrx_word' id='word_1_257' title='bbox 960 2995 1012 3055; x_wconf 89' lang='lat' dir='ltr'>qui·</span> 
     </span>
     <span class='ocr_line' id='line_1_32' title="bbox 81 3055 1009 3122; baseline -0.002 -14"><span class='ocrx_word' id='word_1_258' title='bbox 81 3055 111 3119; x_wconf 76' lang='lat'>(⁹)</span> <span class='ocrx_word' id='word_1_259' title='bbox 123 3063 158 3108; x_wconf 86' lang='lat' dir='ltr'>Sc.</span> <span class='ocrx_word' id='word_1_260' title='bbox 167 3068 308 3122; x_wconf 86' lang='lat' dir='ltr'>opportuno.</span> <span class='ocrx_word' id='word_1_261' title='bbox 339 3056 384 3121; x_wconf 85' lang='lat'><strong>(¹⁰)</strong></span> <span class='ocrx_word' id='word_1_262' title='bbox 393 3061 488 3106; x_wconf 80' lang='lat' dir='ltr'>Servum</span> <span class='ocrx_word' id='word_1_263' title='bbox 497 3073 524 3104; x_wconf 91' lang='lat' dir='ltr'>eo</span> <span class='ocrx_word' id='word_1_264' title='bbox 565 3060 619 3107; x_wconf 89' lang='lat' dir='ltr'>dem</span> <span class='ocrx_word' id='word_1_265' title='bbox 631 3069 666 3107; x_wconf 86' lang='lat' dir='ltr'>est</span> <span class='ocrx_word' id='word_1_266' title='bbox 676 3061 739 3106; x_wconf 90' lang='lat' dir='ltr'>idem</span> <span class='ocrx_word' id='word_1_267' title='bbox 751 3060 785 3106; x_wconf 89' lang='lat' dir='ltr'>bis</span> <span class='ocrx_word' id='word_1_268' title='bbox 794 3061 883 3114; x_wconf 70' lang='lat' dir='ltr'>dicem</span> <span class='ocrx_word' id='word_1_269' title='bbox 900 3074 962 3117; x_wconf 87' lang='lat' dir='ltr'>nam,</span> <span class='ocrx_word' id='word_1_270' title='bbox 970 3060 1009 3120; x_wconf 92' lang='lat' dir='ltr'>qui</span> 
     </span>
     <span class='ocr_line' id='line_1_33' title="bbox 80 3123 1010 3186; baseline 0.002 -18"><span class='ocrx_word' id='word_1_271' title='bbox 80 3127 199 3172; x_wconf 82' lang='lat' dir='ltr'>verborum</span> <span class='ocrx_word' id='word_1_272' title='bbox 215 3126 306 3180; x_wconf 87' lang='lat' dir='ltr'>ordine,</span> <span class='ocrx_word' id='word_1_273' title='bbox 318 3139 388 3184; x_wconf 89' lang='lat' dir='ltr'>quem</span> <span class='ocrx_word' id='word_1_274' title='bbox 403 3125 427 3169; x_wconf 93' lang='lat' dir='ltr'>in</span> <span class='ocrx_word' id='word_1_275' title='bbox 440 3123 525 3170; x_wconf 89' lang='lat' dir='ltr'>codici·</span> <span class='ocrx_word' id='word_1_276' title='bbox 565 3125 701 3186; x_wconf 86' lang='lat' dir='ltr'>tempestive</span> <span class='ocrx_word' id='word_1_277' title='bbox 706 3127 805 3186; x_wconf 85' lang='lat' dir='ltr'>jocatur,</span> <span class='ocrx_word' id='word_1_278' title='bbox 816 3125 879 3170; x_wconf 87' lang='lat' dir='ltr'>idem</span> <span class='ocrx_word' id='word_1_279' title='bbox 890 3125 948 3181; x_wconf 86' lang='lat' dir='ltr'>fere,</span> <span class='ocrx_word' id='word_1_280' title='bbox 959 3125 1010 3184; x_wconf 89' lang='lat' dir='ltr'>opi·</span> 
     </span>
     <span class='ocr_line' id='line_1_34' title="bbox 79 3187 1011 3252; baseline 0.002 -20"><span class='ocrx_word' id='word_1_281' title='bbox 79 3189 120 3235; x_wconf 79' lang='lat' dir='ltr'>bns</span> <span class='ocrx_word' id='word_1_282' title='bbox 131 3192 205 3252; x_wconf 85' lang='lat' dir='ltr'>reperi</span> <span class='ocrx_word' id='word_1_283' title='bbox 219 3187 262 3252; x_wconf 84' lang='lat' dir='ltr'>(cf.</span> <span class='ocrx_word' id='word_1_284' title='bbox 274 3192 302 3235; x_wconf 84' lang='lat' dir='ltr'>dc</span> <span class='ocrx_word' id='word_1_285' title='bbox 313 3191 342 3236; x_wconf 90' lang='lat' dir='ltr'>A.</span> <span class='ocrx_word' id='word_1_286' title='bbox 352 3191 390 3234; x_wconf 77' lang='lat'>24.</span> <span class='ocrx_word' id='word_1_287' title='bbox 399 3189 446 3243; x_wconf 90' lang='grc'><strong>89.,</strong></span> <span class='ocrx_word' id='word_1_288' title='bbox 458 3191 473 3214; x_wconf 91' lang='grc'>“</span> <span class='ocrx_word' id='word_1_289' title='bbox 481 3191 526 3235; x_wconf 75' lang='lat' dir='ltr'>As·</span> <span class='ocrx_word' id='word_1_290' title='bbox 566 3205 616 3247; x_wconf 81' lang='lat' dir='ltr'>nor,</span> <span class='ocrx_word' id='word_1_291' title='bbox 628 3191 698 3237; x_wconf 85' lang='lat' dir='ltr'>etiam</span> <span class='ocrx_word' id='word_1_292' title='bbox 715 3191 824 3236; x_wconf 87' lang='lat' dir='ltr'>remissus</span> <span class='ocrx_word' id='word_1_293' title='bbox 832 3191 932 3248; x_wconf 72' lang='lat' dir='ltr'>iocatur.</span> <span class='ocrx_word' id='word_1_294' title='bbox 966 3187 1011 3252; x_wconf 88' lang='lat'>(¹¹)</span> 
     </span>
     <span class='ocr_line' id='line_1_35' title="bbox 81 3253 1010 3314; baseline 0.003 -17"><span class='ocrx_word' id='word_1_295' title='bbox 81 3256 175 3302; x_wconf 85' lang='lat' dir='ltr'>sentatio</span> <span class='ocrx_word' id='word_1_296' title='bbox 191 3271 241 3302; x_wconf 88' lang='lat' dir='ltr'>non</span> <span class='ocrx_word' id='word_1_297' title='bbox 261 3255 330 3300; x_wconf 90' lang='lat' dir='ltr'>modo</span> <span class='ocrx_word' id='word_1_298' title='bbox 347 3256 425 3308; x_wconf 80' lang='lat' dir='ltr'>amico,</span> <span class='ocrx_word' id='word_1_299' title='bbox 437 3254 478 3299; x_wconf 89' lang='lat' dir='ltr'>sed</span> <span class='ocrx_word' id='word_1_300' title='bbox 494 3268 524 3300; x_wconf 92' lang='lat' dir='ltr'>ne</span> <span class='ocrx_word' id='word_1_301' title='bbox 565 3255 749 3301; x_wconf 82' lang='lat' dir='ltr'>Variatloctioin</span> <span class='ocrx_word' id='word_1_302' title='bbox 758 3255 922 3314; x_wconf 79' lang='lat' dir='ltr'>coddaliqnot</span> <span class='ocrx_word' id='word_1_303' title='bbox 930 3253 1010 3312; x_wconf 88' lang='lat' dir='ltr'>Nonii,</span> 
     </span>
     <span class='ocr_line' id='line_1_36' title="bbox 82 3315 1009 3381; baseline 0.004 -19"><span class='ocrx_word' id='word_1_304' title='bbox 82 3319 148 3366; x_wconf 81' lang='lat' dir='ltr'>libero</span> <span class='ocrx_word' id='word_1_305' title='bbox 158 3320 256 3381; x_wconf 90' lang='lat' dir='ltr'>quidem</span> <span class='ocrx_word' id='word_1_306' title='bbox 267 3319 339 3378; x_wconf 83' lang='lat' dir='ltr'>digna</span> <span class='ocrx_word' id='word_1_307' title='bbox 354 3315 432 3380; x_wconf 83' lang='lat' dir='ltr'>est&#39;&#39;),</span> <span class='ocrx_word' id='word_1_308' title='bbox 444 3333 525 3364; x_wconf 88' lang='lat' dir='ltr'>vocem</span> <span class='ocrx_word' id='word_1_309' title='bbox 564 3321 585 3366; x_wconf 77' lang='lat' dir='ltr'>ei</span> <span class='ocrx_word' id='word_1_310' title='bbox 596 3335 614 3366; x_wconf 91' lang='lat' dir='ltr'>r.</span> <span class='ocrx_word' id='word_1_311' title='bbox 624 3321 741 3379; x_wconf 81' lang='lat' dir='ltr'>turpitudo</span> <span class='ocrx_word' id='word_1_312' title='bbox 752 3321 804 3366; x_wconf 78' lang='lat' dir='ltr'>adh.</span> <span class='ocrx_word' id='word_1_313' title='bbox 814 3324 855 3365; x_wconf 83' lang='lat' dir='ltr'>out</span> <span class='ocrx_word' id='word_1_314' title='bbox 862 3334 882 3364; x_wconf 85' lang='lat' dir='ltr'>o.</span> <span class='ocrx_word' id='word_1_315' title='bbox 890 3320 948 3366; x_wconf 80' lang='lat' dir='ltr'>obse.</span> <span class='ocrx_word' id='word_1_316' title='bbox 971 3320 1009 3366; x_wconf 79' lang='lat' dir='ltr'>cf.</span> 
     </span>
     <span class='ocr_line' id='line_1_37' title="bbox 81 3380 1009 3445; baseline 0 -14"><span class='ocrx_word' id='word_1_317' title='bbox 81 3383 166 3432; x_wconf 72' lang='lat' dir='ltr'>honesto</span> <span class='ocrx_word' id='word_1_318' title='bbox 182 3385 213 3431; x_wconf 90' lang='lat' dir='ltr'>de</span> <span class='ocrx_word' id='word_1_319' title='bbox 231 3398 283 3429; x_wconf 90' lang='lat' dir='ltr'>meo</span> <span class='ocrx_word' id='word_1_320' title='bbox 300 3384 394 3430; x_wconf 87' lang='lat' dir='ltr'>addidi:</span> <span class='ocrx_word' id='word_1_321' title='bbox 412 3382 440 3430; x_wconf 81' lang='lat' dir='ltr'>cf.</span> <span class='ocrx_word' id='word_1_322' title='bbox 455 3381 524 3430; x_wconf 77' lang='lat' dir='ltr'>deF.</span> <span class='ocrx_word' id='word_1_323' title='bbox 565 3386 592 3430; x_wconf 84' lang='lat' dir='ltr'>dc</span> <span class='ocrx_word' id='word_1_324' title='bbox 606 3385 644 3431; x_wconf 90' lang='lat' dir='ltr'>Or.</span> <span class='ocrx_word' id='word_1_325' title='bbox 656 3384 680 3429; x_wconf 90' lang='lat' dir='ltr'>ii.</span> <span class='ocrx_word' id='word_1_326' title='bbox 698 3385 736 3429; x_wconf 84' lang='lat'>59.</span> <span class='ocrx_word' id='word_1_327' title='bbox 752 3385 806 3428; x_wconf 79' lang='lat'>242.</span> <span class='ocrx_word' id='word_1_328' title='bbox 848 3380 890 3445; x_wconf 73' lang='lat'>(¹²)</span> <span class='ocrx_word' id='word_1_329' title='bbox 908 3385 1009 3431; x_wconf 86' lang='lat' dir='ltr'>Heus.e</span> 
     </span>
     <span class='ocr_line' id='line_1_38' title="bbox 81 3442 1010 3510; baseline 0.003 -19"><span class='ocrx_word' id='word_1_330' title='bbox 81 3447 110 3494; x_wconf 84' lang='lat' dir='ltr'>iv.</span> <span class='ocrx_word' id='word_1_331' title='bbox 119 3453 140 3496; x_wconf 81' lang='lat'>5.</span> <span class='ocrx_word' id='word_1_332' title='bbox 152 3451 198 3506; x_wconf 74' lang='lat'>12,</span> <span class='ocrx_word' id='word_1_333' title='bbox 206 3451 222 3475; x_wconf 89' lang='lat'>“</span> <span class='ocrx_word' id='word_1_334' title='bbox 231 3449 314 3508; x_wconf 88' lang='lat' dir='ltr'>inqua</span> <span class='ocrx_word' id='word_1_335' title='bbox 323 3463 369 3496; x_wconf 81' lang='lat' dir='ltr'>unc</span> <span class='ocrx_word' id='word_1_336' title='bbox 379 3442 524 3510; x_wconf 81' lang='lat' dir='ltr'>(voluptate),</span> <span class='ocrx_word' id='word_1_337' title='bbox 564 3450 614 3495; x_wconf 90' lang='lat' dir='ltr'>cod.</span> <span class='ocrx_word' id='word_1_338' title='bbox 626 3451 707 3496; x_wconf 78' lang='lat' dir='ltr'>bamb.</span> <span class='ocrx_word' id='word_1_339' title='bbox 714 3453 740 3494; x_wconf 81' lang='lat' dir='ltr'>ut</span> <span class='ocrx_word' id='word_1_340' title='bbox 749 3464 777 3495; x_wconf 84' lang='lat' dir='ltr'>ne</span> <span class='ocrx_word' id='word_1_341' title='bbox 788 3449 917 3507; x_wconf 69' lang='lat' dir='ltr'>mimiclde</span> <span class='ocrx_word' id='word_1_342' title='bbox 926 3449 1010 3510; x_wconf 82' lang='lat' dir='ltr'>quibus</span> 
     </span>
     <span class='ocr_line' id='line_1_39' title="bbox 84 3513 1009 3570; baseline 0 -13"><span class='ocrx_word' id='word_1_343' title='bbox 84 3516 190 3562; x_wconf 79' lang='lat' dir='ltr'>conlectis</span> <span class='ocrx_word' id='word_1_344' title='bbox 209 3517 278 3561; x_wconf 87' lang='lat' dir='ltr'>rebus</span> <span class='ocrx_word' id='word_1_345' title='bbox 296 3513 438 3570; x_wconf 85' lang='lat' dir='ltr'>necessariis,</span> <span class='ocrx_word' id='word_1_346' title='bbox 457 3514 524 3558; x_wconf 87' lang='lat' dir='ltr'>vacui</span> <span class='ocrx_word' id='word_1_347' title='bbox 564 3514 623 3560; x_wconf 90' lang='lat' dir='ltr'>nibil</span> <span class='ocrx_word' id='word_1_348' title='bbox 635 3515 659 3560; x_wconf 91' lang='lat' dir='ltr'>b.</span> <span class='ocrx_word' id='word_1_349' title='bbox 671 3515 686 3559; x_wconf 91' lang='lat' dir='ltr'>l.</span> <span class='ocrx_word' id='word_1_350' title='bbox 693 3514 750 3569; x_wconf 80' lang='lat' dir='ltr'>Cic,</span> <span class='ocrx_word' id='word_1_351' title='bbox 762 3529 804 3560; x_wconf 89' lang='lat' dir='ltr'>nee</span> <span class='ocrx_word' id='word_1_352' title='bbox 812 3522 872 3560; x_wconf 89' lang='lat' dir='ltr'>nutu</span> <span class='ocrx_word' id='word_1_353' title='bbox 882 3528 924 3560; x_wconf 89' lang='lat' dir='ltr'>nec</span> <span class='ocrx_word' id='word_1_354' title='bbox 932 3517 1009 3560; x_wconf 88' lang='lat' dir='ltr'>verbo.</span> 
     </span>
     <span class='ocr_line' id='line_1_40' title="bbox 83 3577 1010 3640; baseline -0.002 -17"><span class='ocrx_word' id='word_1_355' title='bbox 83 3580 178 3639; x_wconf 77' lang='lat' dir='ltr'>negotiis</span> <span class='ocrx_word' id='word_1_356' title='bbox 193 3581 285 3627; x_wconf 71' lang='lat' dir='ltr'>honeste</span> <span class='ocrx_word' id='word_1_357' title='bbox 296 3594 323 3625; x_wconf 89' lang='lat' dir='ltr'>ac</span> <span class='ocrx_word' id='word_1_358' title='bbox 334 3579 461 3626; x_wconf 87' lang='lat' dir='ltr'>liberaliter</span> <span class='ocrx_word' id='word_1_359' title='bbox 470 3592 524 3640; x_wconf 87' lang='lat' dir='ltr'>pos·</span> <span class='ocrx_word' id='word_1_360' title='bbox 564 3580 638 3640; x_wconf 87' lang='lat' dir='ltr'>Saepe</span> <span class='ocrx_word' id='word_1_361' title='bbox 649 3588 728 3625; x_wconf 86' lang='lat' dir='ltr'>autem</span> <span class='ocrx_word' id='word_1_362' title='bbox 743 3580 796 3625; x_wconf 89' lang='lat' dir='ltr'>adv.</span> <span class='ocrx_word' id='word_1_363' title='bbox 813 3580 881 3624; x_wconf 79' lang='lat' dir='ltr'>nimis</span> <span class='ocrx_word' id='word_1_364' title='bbox 900 3579 932 3625; x_wconf 82' lang='lat' dir='ltr'>sic</span> <span class='ocrx_word' id='word_1_365' title='bbox 943 3577 1010 3638; x_wconf 80' lang='lat' dir='ltr'>quasi</span> 
     </span>
     <span class='ocr_line' id='line_1_41' title="bbox 84 3641 1008 3704; baseline -0.003 -18"><span class='ocrx_word' id='word_1_366' title='bbox 84 3657 159 3694; x_wconf 79' lang='lat' dir='ltr'>sumus</span> <span class='ocrx_word' id='word_1_367' title='bbox 170 3645 273 3692; x_wconf 85' lang='lat' dir='ltr'>vivere.&#39;&#39;</span> <span class='ocrx_word' id='word_1_368' title='bbox 300 3645 369 3704; x_wconf 83' lang='lat' dir='ltr'>Vulg.</span> <span class='ocrx_word' id='word_1_369' title='bbox 380 3645 448 3690; x_wconf 81' lang='lat' dir='ltr'>Alter</span> <span class='ocrx_word' id='word_1_370' title='bbox 458 3650 519 3690; x_wconf 80' lang='lat' dir='ltr'>est..</span> <span class='ocrx_word' id='word_1_371' title='bbox 563 3641 1008 3700; x_wconf 57' lang='lat' dir='ltr'>abundaremouuiaddeda.1431,</span> 
     </span>
     <span class='ocr_line' id='line_1_42' title="bbox 84 3703 1006 3772; baseline -0.002 -19"><span class='ocrx_word' id='word_1_372' title='bbox 84 3709 149 3758; x_wconf 79' lang='lat' dir='ltr'>libero</span> <span class='ocrx_word' id='word_1_373' title='bbox 159 3712 251 3772; x_wconf 77' lang='lat' dir='ltr'>dignus,</span> <span class='ocrx_word' id='word_1_374' title='bbox 262 3709 323 3758; x_wconf 80' lang='lat' dir='ltr'>alter</span> <span class='ocrx_word' id='word_1_375' title='bbox 336 3725 364 3756; x_wconf 83' lang='lat' dir='ltr'>ne</span> <span class='ocrx_word' id='word_1_376' title='bbox 374 3710 461 3754; x_wconf 80' lang='lat' dir='ltr'>bomine</span> <span class='ocrx_word' id='word_1_377' title='bbox 472 3709 523 3770; x_wconf 79' lang='lat' dir='ltr'>qui·</span> <span class='ocrx_word' id='word_1_378' title='bbox 562 3711 629 3756; x_wconf 79' lang='lat' dir='ltr'>nimis</span> <span class='ocrx_word' id='word_1_379' title='bbox 636 3711 815 3757; x_wconf 73' lang='lat' dir='ltr'>inconsiderate:</span> <span class='ocrx_word' id='word_1_380' title='bbox 832 3708 892 3754; x_wconf 89' lang='lat' dir='ltr'>adde</span> <span class='ocrx_word' id='word_1_381' title='bbox 904 3708 932 3754; x_wconf 78' lang='lat' dir='ltr'>de</span> <span class='ocrx_word' id='word_1_382' title='bbox 943 3705 982 3751; x_wconf 85' lang='lat' dir='ltr'>cr.</span> <span class='ocrx_word' id='word_1_383' title='bbox 991 3703 1006 3747; x_wconf 85' lang='lat' dir='ltr'>i·</span> 
     </span>
     <span class='ocr_line' id='line_1_43' title="bbox 84 3774 869 3834; baseline -0.005 -14"><span class='ocrx_word' id='word_1_384' title='bbox 84 3774 136 3820; x_wconf 81' lang='lat' dir='ltr'>dem.</span> <span class='ocrx_word' id='word_1_385' title='bbox 164 3777 197 3822; x_wconf 80' lang='lat' dir='ltr'>At</span> <span class='ocrx_word' id='word_1_386' title='bbox 206 3775 305 3822; x_wconf 88' lang='lat' dir='ltr'>nimium</span> <span class='ocrx_word' id='word_1_387' title='bbox 316 3783 352 3822; x_wconf 83' lang='lat' dir='ltr'>est</span> <span class='ocrx_word' id='word_1_388' title='bbox 360 3781 492 3832; x_wconf 87' lang='lat' dir='ltr'>utrumque,</span> <span class='ocrx_word' id='word_1_389' title='bbox 500 3779 524 3819; x_wconf 87' lang='lat' dir='ltr'>et</span> <span class='ocrx_word' id='word_1_390' title='bbox 565 3774 603 3822; x_wconf 80' lang='lat'>15.</span> <span class='ocrx_word' id='word_1_391' title='bbox 614 3777 661 3834; x_wconf 77' lang='lat'>65,</span> <span class='ocrx_word' id='word_1_392' title='bbox 672 3776 739 3822; x_wconf 80' lang='lat' dir='ltr'>nimis</span> <span class='ocrx_word' id='word_1_393' title='bbox 751 3775 869 3834; x_wconf 72' lang='lat' dir='ltr'>infinitum.</span> 
     </span>
    </p>

    <p class='ocr_par' dir='ltr' id='par_1_6' title="bbox 84 3838 523 3904">
     <span class='ocr_line' id='line_1_44' title="bbox 84 3838 523 3904; baseline 0 -20"><span class='ocrx_word' id='word_1_394' title='bbox 84 3838 176 3888; x_wconf 78' lang='lat' dir='ltr'>alterurn</span> <span class='ocrx_word' id='word_1_395' title='bbox 181 3844 262 3904; x_wconf 83' lang='lat' dir='ltr'>jocum</span> <span class='ocrx_word' id='word_1_396' title='bbox 270 3839 457 3901; x_wconf 78' lang='lat' dir='ltr'>quovisdignum</span> <span class='ocrx_word' id='word_1_397' title='bbox 465 3851 523 3895; x_wconf 86' lang='lat' dir='ltr'>ese,</span> 
     </span>
    </p>
   </div>
   <div class='ocr_carea' id='block_1_6' title="bbox 0 0 1273 4432">
    <p class='ocr_par' dir='ltr' id='par_1_7' title="bbox 0 0 1273 4432">
     <span class='ocr_line' id='line_1_45' title="bbox 0 0 1273 4432; baseline 0 0"><span class='ocrx_word' id='word_1_398' title='bbox 0 0 1273 4432; x_wconf 95' lang='lat' dir='ltr'> </span> 
     </span>
    </p>
   </div>
  </div>
 </body>
</html>
