2450 4478
214 393 269 452 140
543 387 601 448 DE
623 387 804 449 OFFICIIS

258 548 365 616 XIX.
385 547 508 632 ltaque,
533 547 559 612 si
576 546 738 612 virbonus
762 545 878 613 habeat
901 545 986 612 hanc
1002 547 1088 626 vim
1117 559 1166 627 ut,

210 635 236 701 si
257 633 365 722 digitis
390 633 617 720 concrepuerit,
642 633 741 720 possit
762 633 795 697 in
819 632 1033 720 locupletium
1058 647 1166 700 testa-

209 735 316 786 menta
330 741 444 784 nomen
460 720 527 804 ejus
541 717 602 783 irre
626 741 688 796 ere,
712 719 770 784 hac
784 719 827 784 vi¹
842 741 906 784 non
922 733 1046 800 utatur,
1075 743 1121 784 ne
1138 722 1164 786 si

210 807 406 893 exploratum
421 804 548 890 quidem
562 742 690 881 habeat,
713 804 746 868 id
763 805 889 870 omniuo
905 807 1073 871 neminem
1089 829 1163 869 um-

208 913 303 979 quam
314 891 556 977 suspicaturum.
603 891 647 955 At
662 890 765 954 dares²
778 889 859 956 hanc
874 891 940 956 vim
954 891 1003 956 M.
1019 893 1158 970 Crasso,

209 992 245 1043 ut
260 977 430 1064 digitorum
445 975 644 1062 percussione
667 975 758 1041 heres
803 989 887 1042 osset
910 977 1052 1065 scriptus
1068 1000 1153 1056 esse,

208 1063 264 1150 qui
278 1086 312 1127 re
327 1085 400 1128 vera
415 1085 478 1126 non
494 1073 576 1127 esset
590 1062 700 1138 heres;
724 1062 758 1126 in
772 1000 849 1140 lbra,
874 1063 966 1128 crede
979 1063 1076 1142 mihi,
1094 1065 1157 1128 sal-

209 1149 312 1214 taret³.
360 1149 466 1213 Homo
489 1160 595 1213 autem
606 1150 724 1234 justus,
748 1148 850 1234 isque,
874 1171 970 1234 quem
993 1150 1156 1214 sentimus

208 1235 310 1299 virum
320 1235 449 1313 bouum,
474 1233 551 1298 nihil
566 1237 723 1319 cuiquam,
748 1235 831 1320 quod
855 1234 889 1298 in
909 1257 944 1298 se
967 1237 1152 1312 transferat,

207 1320 362 1386 detrahet.
409 1321 482 1386 Hoc
507 1321 562 1406 qui
587 1320 766 1398 admiratur,
793 1321 820 1384 is
845 1343 890 1398 se,
914 1319 1006 1405 quid⁴
1031 1321 1077 1386 sit
1106 1321 1153 1385 vir

207 1406 320 1485 bonus,
337 1407 456 1473 nescire
470 1407 615 1472 fateatur.
671 1407 722 1473 76.
741 1407 786 1470 At
800 1429 885 1483 vero,
903 1407 930 1470 si
944 1406 1001 1491 qui
1012 1407 1152 1472 voluerit

207 1491 304 1556 animi
328 1494 376 1558 sui
400 1491 631 1579 complicatam⁵
654 1493 815 1556 notionem
838 1490 994 1572 evolvere,
1013 1493 1086 1594 jam
1116 1515 1149 1558 se

207 1577 275 1665 ipse
290 1578 411 1657 doceat,
436 1601 508 1643 eum
523 1575 624 1643 virum
638 1578 758 1642 bonum
772 1600 850 1656 esse,
873 1576 929 1664 qui
944 1591 1057 1663 prosit,
1078 1580 1148 1664 qui·

207 1663 267 1730 bus
315 1667 402 1744 ossit,
436 1676 549 1730 noceat
577 1664 705 1740 nemini,
740 1663 800 1726 nisi
829 1663 994 1728 lacessitus
1019 1663 1145 1750 injuria.

211 1689 415 1839 Quidpergo?
437 1749 488 1814 hic
514 1773 577 1813 non
601 1761 722 1826 noceat,
747 1749 803 1834 qui
828 1749 965 1835 quodam
984 1749 1079 1836 quasi
1093 1773 1146 1814 ve·

208 1859 291 1901 neno
315 1836 464 1923 perficiat,
489 1847 525 1899 ut
548 1858 639 1900 veros
664 1835 793 1900 heredes
816 1846 953 1908 moveat,
975 1836 1011 1898 iu
1035 1858 1143 1900 eorum

206 1922 312 1986 locum
325 1923 392 2009 ipse
404 1920 577 1986 succedat?
623 1919 699 1984 Non
706 1921 805 2008 igitur
813 1921 921 1997 faciat,
936 1920 1053 1986 dixerit
1061 1923 1142 2009 quis,

208 2008 293 2093 quod
307 2008 384 2071 utile
399 2007 451 2083 sit,
475 2005 559 2091 quod
573 2007 745 2092 expediat?
794 2007 894 2070 Immo
909 2006 1080 2108 intelligat,
1096 2008 1142 2071 ni·

207 2092 253 2156 hil
267 2115 325 2156 nec
340 2090 486 2177 expedire
512 2113 570 2155 nec
593 2092 671 2156 utile
695 2114 772 2172 esse,
797 2092 881 2180 quod
906 2093 946 2157 sit
975 2092 1139 2179 injustum.

211 2177 284 2242 Hoc
298 2176 354 2264 qui
379 2200 442 2240 non
466 2175 617 2254 didicerit,
642 2179 742 2243 bonus
765 2179 812 2243 vir
835 2201 901 2243 esse
927 2200 991 2242 non
1017 2180 1140 2266 poterit.

209 2265 260 2331 77.
280 2263 452 2330 Fimbriam
467 2263 672 2341 consularem,
697 2264 863 2330 audiebam
877 2264 915 2329 de
929 2275 1021 2351 patre
1037 2279 1138 2331 nostro

231 2373 297 2429 ner,
328 2349 467 2436 judicem
492 2348 539 2413 M.
569 2348 701 2414 Lutatio
728 2349 875 2416 Pinthiae
903 2349 1010 2429 fuisse,
1047 2352 1138 2440 equiti
1193 2421 1194 2440 ,

208 2372 355 2501 llomano
371 2456 445 2499 sane
464 2432 608 2512 honest0,
632 2458 731 2521 quum
748 2436 777 2500 is
792 2435 993 2522 sponsionem
1007 2439 1136 2516 fecisset,
1193 2441 1194 2521 l

208 2542 247 2596 ¹ru
263 2542 320 2585 v1n
336 2541 446 2585 aouvs
462 2541 583 2585 assant
606 2521 712 2606 itaque
728 2523 757 2586 ei
777 2521 893 2587 dixisse
909 2521 1091 2601 Fimbriam,
1107 2547 1135 2588 se

207 2607 296 2670 illam
314 2629 381 2670 rem
404 2629 481 2669 num
505 2630 576 2672 uam
595 2607 821 2694 judicaturum,
846 2631 886 2672 ne
915 2619 971 2672 aut
997 2609 1136 2695 spoliaret

207 2692 290 2756 fama
305 2693 470 2778 probatum
482 2629 655 2769 hominem,
679 2695 706 2758 si
721 2703 830 2759 contra
841 2693 1066 2780 judicavissct3
1086 2709 1134 2760 aut
1192 2739 1193 2750 .

208 2779 354 2842 statuisse
369 2779 536 2856 videretur,
548 2779 649 2842 virum
664 2779 782 2844 bonum
797 2801 865 2844 esse
876 2779 1025 2865 aliquem,
1043 2803 1133 2867 quum

208 2886 245 2928 ea
256 2887 304 2928 res
312 2864 590 2929 innumerabilibus
601 2863 710 2930 officiis
721 2878 754 2930 ct
762 2864 906 2930 laudibus
917 2865 1131 2933 contineretur.

210 2949 297 3014 Huic
321 2950 333 3012 i
356 2950 420 3013 itur
442 2951 508 3014 viro
531 2949 627 3026 bono,
657 2973 752 3036 quem
778 2951 916 3016 Fimbria
941 2951 1044 3032 etiam,
1074 2975 1131 3017 non

207 3035 300 3099 modo
330 2973 472 3100 Focrates
495 3045 635 3113 noverat,
674 3038 762 3101 nullo
785 3037 878 3101 modo
907 3037 1005 3101 videri
1055 3051 1129 3104 otest

207 3119 377 3207 quidquam
392 3144 459 3185 esse
471 3120 559 3198 utile,
576 3120 660 3207 quod
673 3145 736 3186 non
750 3121 918 3187 honestum
928 3122 980 3187 sit.
1027 3061 1128 3212 lisque
1191 3123 1192 3159 l

206 3205 278 3270 talis
293 3207 341 3270 vir
356 3229 418 3270 non
440 3206 533 3270 modo
558 3207 682 3284 facere⁶,
710 3208 765 3274 sed
788 3230 829 3272 nc
852 3209 991 3294 cogitare
1013 3209 1128 3295 quidem

206 3292 378 3442 Ἠιίἀφιαω
412 3291 551 3370 audebit,
589 3293 674 3379 quod
701 3317 765 3358 non
801 3293 914 3359 audeat
949 3295 1125 3380 praedicare.

246 3400 312 3457 aec,
328 3401 392 3442 non
412 3392 504 3466 turpe
526 3389 583 3458 est,
608 3379 751 3445 dubitare
766 3378 982 3468 philosophos,
1005 3403 1079 3467 quae
1092 3403 1125 3446 ne
1190 3437 1191 3468 ,

240 3569 429 3636 x1x.(¹)u0a
445 3573 486 3620 illa
502 3574 649 3622 benevim..
693 3570 724 3632 (⁴)
747 3573 821 3620 Heus.
839 3574 886 3634 qai,
904 3573 999 3621 trustra.
1030 3571 1061 3636 (ὅ)
1078 3574 1096 3621 1.
1105 3588 1122 3622 e.

207 3642 251 3688 hoc
260 3642 289 3688 oi.
311 3637 344 3704 (⁹)
355 3638 408 3685 Vid.
417 3638 518 3685 Ellendt.
530 3639 653 3686 deEnanc.
692 3638 786 3686 insitam
797 3646 868 3700 atque
880 3639 1001 3686 innatam:
1021 3639 1046 3686 ct
1065 3637 1120 3686 Fare.

209 3706 359 3756 Cnedttioacl.
372 3719 394 3766 p.
406 3703 443 3749 ³9.
478 3699 510 3764 (³)
529 3703 653 3764 Np.quasi
692 3703 758 3752 tal.
776 3703 814 3752 57.
848 3697 880 3766 (ἦ)
901 3705 938 3752 Sc.
959 3719 1008 3751 uon
1028 3703 1120 3752 audebit:
1189 3731 1190 3795 p

207 3771 285 3818 ebrius
293 3785 348 3834 prae
356 3769 459 3818 laetitia:
476 3769 506 3815 cl.
515 3768 553 3816 ifr.
566 3768 604 3817 24.
614 3769 653 3818 93,
692 3769 740 3818 vid.
763 3769 882 3818 narsen:
911 3771 943 3817 cf.
965 3770 1004 3818 29.
1026 3771 1071 3818 10⁵.
1090 3769 1120 3817 in.
