<?xml version="1.0" encoding="UTF-8"?>
<!DOCTYPE html PUBLIC "-//W3C//DTD XHTML 1.0 Transitional//EN"
    "http://www.w3.org/TR/xhtml1/DTD/xhtml1-transitional.dtd">
<html xmlns="http://www.w3.org/1999/xhtml" xml:lang="en" lang="en">
 <head>
  <title>
</title>
<meta http-equiv="Content-Type" content="text/html;charset=utf-8" />
  <meta name='ocr-system' content='tesseract 3.04.00' />
  <meta name='ocr-capabilities' content='ocr_page ocr_carea ocr_par ocr_line ocrx_word'/>
</head>
<body>
  <div class='ocr_page' id='page_1' title='image "./deofficiislibri00allegoog_0097.png"; bbox 0 0 2472 4432; ppageno 0'>
   <div class='ocr_carea' id='block_1_1' title="bbox 220 376 1161 630">
    <p class='ocr_par' dir='ltr' id='par_1_1' title="bbox 220 376 1161 630">
     <span class='ocr_line' id='line_1_1' title="bbox 220 376 828 442; baseline 0.01 -8"><span class='ocrx_word' id='word_1_1' title='bbox 220 377 259 434; x_wconf 85' lang='lat'>80</span> <span class='ocrx_word' id='word_1_2' title='bbox 567 376 624 438; x_wconf 87' lang='lat' dir='ltr'>DE</span> <span class='ocrx_word' id='word_1_3' title='bbox 650 376 828 442; x_wconf 80' lang='lat' dir='ltr'>OFFICIIS</span> 
     </span>
     <span class='ocr_line' id='line_1_2' title="bbox 220 535 1161 630; baseline 0.003 -28"><span class='ocrx_word' id='word_1_4' title='bbox 220 535 297 623; x_wconf 89' lang='lat' dir='ltr'>quid</span> <span class='ocrx_word' id='word_1_5' title='bbox 320 557 396 601; x_wconf 90' lang='lat' dir='ltr'>uam</span> <span class='ocrx_word' id='word_1_6' title='bbox 417 536 458 601; x_wconf 87' lang='lat' dir='ltr'>ad</span> <span class='ocrx_word' id='word_1_7' title='bbox 478 556 554 623; x_wconf 87' lang='lat' dir='ltr'>opes</span> <span class='ocrx_word' id='word_1_8' title='bbox 568 537 702 603; x_wconf 79' lang='lat' dir='ltr'>tuendas</span> <span class='ocrx_word' id='word_1_9' title='bbox 716 560 753 604; x_wconf 89' lang='lat' dir='ltr'>ac</span> <span class='ocrx_word' id='word_1_10' title='bbox 767 537 929 616; x_wconf 86' lang='lat' dir='ltr'>tenendas,</span> <span class='ocrx_word' id='word_1_11' title='bbox 945 559 1065 626; x_wconf 85' lang='lat' dir='ltr'>quam</span> <span class='ocrx_word' id='word_1_12' title='bbox 1083 537 1161 630; x_wconf 61' lang='lat' dir='ltr'>dilig</span> 
     </span>
    </p>
   </div>
   <div class='ocr_carea' id='block_1_2' title="bbox 221 622 1161 845">
    <p class='ocr_par' dir='ltr' id='par_1_2' title="bbox 221 622 1161 845">
     <span class='ocr_line' id='line_1_3' title="bbox 221 622 1161 708; baseline 0.004 -22"><span class='ocrx_word' id='word_1_13' title='bbox 221 645 281 687; x_wconf 90' lang='lat' dir='ltr'>nec</span> <span class='ocrx_word' id='word_1_14' title='bbox 329 622 441 701; x_wconf 67' lang='lat' dir='ltr'>euius,</span> <span class='ocrx_word' id='word_1_15' title='bbox 457 643 553 708; x_wconf 88' lang='lat' dir='ltr'>quam</span> <span class='ocrx_word' id='word_1_16' title='bbox 575 623 690 688; x_wconf 83' lang='lat' dir='ltr'>timeri.</span> <span class='ocrx_word' id='word_1_17' title='bbox 737 622 902 689; x_wconf 73' lang='lat' dir='ltr'>Praeclare</span> <span class='ocrx_word' id='word_1_18' title='bbox 916 629 1013 688; x_wconf 90' lang='lat' dir='ltr'>enim</span> <span class='ocrx_word' id='word_1_19' title='bbox 1035 625 1161 690; x_wconf 85' lang='lat' dir='ltr'>Enniu</span> 
     </span>
     <span class='ocr_line' id='line_1_4' title="bbox 255 770 1161 845; baseline 0.002 -21"><span class='ocrx_word' id='word_1_20' title='bbox 255 770 337 837; x_wconf 79' lang='lat' dir='ltr'>Quem</span> <span class='ocrx_word' id='word_1_21' title='bbox 346 776 471 833; x_wconf 83' lang='lat' dir='ltr'>metuunt,</span> <span class='ocrx_word' id='word_1_22' title='bbox 483 770 609 825; x_wconf 76' lang='lat' dir='ltr'>oderunt:</span> <span class='ocrx_word' id='word_1_23' title='bbox 628 789 703 843; x_wconf 84' lang='lat' dir='ltr'>quem</span> <span class='ocrx_word' id='word_1_24' title='bbox 714 770 821 844; x_wconf 81' lang='lat' dir='ltr'>quisque</span> <span class='ocrx_word' id='word_1_25' title='bbox 832 771 896 834; x_wconf 84' lang='lat' dir='ltr'>odit,</span> <span class='ocrx_word' id='word_1_26' title='bbox 905 773 1016 843; x_wconf 78' lang='lat' dir='ltr'>periise</span> <span class='ocrx_word' id='word_1_27' title='bbox 1029 771 1161 845; x_wconf 57' lang='lat' dir='ltr'>expetit:</span> 
     </span>
    </p>
   </div>
   <div class='ocr_carea' id='block_1_3' title="bbox 218 904 1161 3053">
    <p class='ocr_par' dir='ltr' id='par_1_3' title="bbox 218 904 1161 2707">
     <span class='ocr_line' id='line_1_5' title="bbox 223 904 1161 992; baseline 0.002 -22"><span class='ocrx_word' id='word_1_28' title='bbox 223 904 402 970; x_wconf 87' lang='lat' dir='ltr'>Multorum</span> <span class='ocrx_word' id='word_1_29' title='bbox 424 916 529 969; x_wconf 87' lang='lat' dir='ltr'>autem</span> <span class='ocrx_word' id='word_1_30' title='bbox 545 905 624 970; x_wconf 91' lang='lat' dir='ltr'>odiis</span> <span class='ocrx_word' id='word_1_31' title='bbox 639 905 743 971; x_wconf 88' lang='lat' dir='ltr'>nullas</span> <span class='ocrx_word' id='word_1_32' title='bbox 758 928 834 992; x_wconf 86' lang='lat' dir='ltr'>opes</span> <span class='ocrx_word' id='word_1_33' title='bbox 848 928 941 992; x_wconf 88' lang='lat' dir='ltr'>posse</span> <span class='ocrx_word' id='word_1_34' title='bbox 956 907 1161 985; x_wconf 88' lang='lat' dir='ltr'>obsistere,</span> 
     </span>
     <span class='ocr_line' id='line_1_6' title="bbox 220 989 1161 1080; baseline 0.004 -26"><span class='ocrx_word' id='word_1_35' title='bbox 220 1005 314 1055; x_wconf 90' lang='lat' dir='ltr'>antea</span> <span class='ocrx_word' id='word_1_36' title='bbox 335 990 396 1054; x_wconf 89' lang='lat' dir='ltr'>fuit</span> <span class='ocrx_word' id='word_1_37' title='bbox 416 989 575 1078; x_wconf 86' lang='lat' dir='ltr'>ignotum,</span> <span class='ocrx_word' id='word_1_38' title='bbox 593 1014 694 1078; x_wconf 85' lang='lat' dir='ltr'><strong>nuper</strong></span> <span class='ocrx_word' id='word_1_39' title='bbox 715 1003 763 1056; x_wconf 91' lang='lat' dir='ltr'>est</span> <span class='ocrx_word' id='word_1_40' title='bbox 781 993 956 1080; x_wconf 83' lang='lat' dir='ltr'>cognitum.</span> <span class='ocrx_word' id='word_1_41' title='bbox 1012 993 1098 1058; x_wconf 87' lang='lat' dir='ltr'>Nec</span> <span class='ocrx_word' id='word_1_42' title='bbox 1114 1011 1161 1058; x_wconf 78' lang='lat' dir='ltr'>vet</span> 
     </span>
     <span class='ocr_line' id='line_1_7' title="bbox 221 1075 1161 1166; baseline 0.005 -27"><span class='ocrx_word' id='word_1_43' title='bbox 221 1075 314 1162; x_wconf 89' lang='lat' dir='ltr'>hujus</span> <span class='ocrx_word' id='word_1_44' title='bbox 341 1076 468 1162; x_wconf 82' lang='lat' dir='ltr'>tyranni</span> <span class='ocrx_word' id='word_1_45' title='bbox 491 1076 605 1156; x_wconf 90' lang='lat' dir='ltr'>solum,</span> <span class='ocrx_word' id='word_1_46' title='bbox 630 1099 725 1162; x_wconf 91' lang='lat' dir='ltr'>quem</span> <span class='ocrx_word' id='word_1_47' title='bbox 751 1079 844 1142; x_wconf 86' lang='lat' dir='ltr'>armis</span> <span class='ocrx_word' id='word_1_48' title='bbox 866 1101 1027 1165; x_wconf 87' lang='lat' dir='ltr'>oppressa</span> <span class='ocrx_word' id='word_1_49' title='bbox 1043 1079 1161 1166; x_wconf 89' lang='lat' dir='ltr'>pertul</span> 
     </span>
     <span class='ocr_line' id='line_1_8' title="bbox 223 1161 1161 1248; baseline 0.005 -23"><span class='ocrx_word' id='word_1_50' title='bbox 223 1161 334 1225; x_wconf 86' lang='lat' dir='ltr'>civitas</span> <span class='ocrx_word' id='word_1_51' title='bbox 362 1163 528 1247; x_wconf 71' lang='lat' dir='ltr'>paretque²</span> <span class='ocrx_word' id='word_1_52' title='bbox 555 1185 655 1248; x_wconf 91' lang='lat' dir='ltr'>quum</span> <span class='ocrx_word' id='word_1_53' title='bbox 677 1164 827 1228; x_wconf 78' lang='lat' dir='ltr'>maxime²</span> <span class='ocrx_word' id='word_1_54' title='bbox 849 1177 987 1243; x_wconf 87' lang='lat' dir='ltr'>mortuo,</span> <span class='ocrx_word' id='word_1_55' title='bbox 1023 1164 1161 1230; x_wconf 87' lang='lat' dir='ltr'>interitu</span> 
     </span>
     <span class='ocr_line' id='line_1_9' title="bbox 221 1246 1161 1337; baseline 0.003 -26"><span class='ocrx_word' id='word_1_56' title='bbox 221 1246 369 1324; x_wconf 80' lang='lat' dir='ltr'>declarat,</span> <span class='ocrx_word' id='word_1_57' title='bbox 386 1259 541 1333; x_wconf 91' lang='lat' dir='ltr'>quantum</span> <span class='ocrx_word' id='word_1_58' title='bbox 552 1249 659 1312; x_wconf 89' lang='lat' dir='ltr'>odium</span> <span class='ocrx_word' id='word_1_59' title='bbox 674 1247 838 1312; x_wconf 89' lang='lat' dir='ltr'>hominum</span> <span class='ocrx_word' id='word_1_60' title='bbox 848 1249 945 1314; x_wconf 81' lang='lat' dir='ltr'>valet³</span> <span class='ocrx_word' id='word_1_61' title='bbox 955 1250 998 1314; x_wconf 89' lang='lat' dir='ltr'>ad</span> <span class='ocrx_word' id='word_1_62' title='bbox 1011 1251 1161 1337; x_wconf 73' lang='lat' dir='ltr'>pestem⁴</span> 
     </span>
     <span class='ocr_line' id='line_1_10' title="bbox 219 1332 1161 1422; baseline 0.007 -27"><span class='ocrx_word' id='word_1_63' title='bbox 219 1333 274 1397; x_wconf 87' lang='lat' dir='ltr'>sed</span> <span class='ocrx_word' id='word_1_64' title='bbox 296 1332 488 1419; x_wconf 88' lang='lat' dir='ltr'>reliquorum</span> <span class='ocrx_word' id='word_1_65' title='bbox 514 1334 632 1399; x_wconf 84' lang='lat' dir='ltr'>similes</span> <span class='ocrx_word' id='word_1_66' title='bbox 658 1335 762 1398; x_wconf 87' lang='lat' dir='ltr'>exitus</span> <span class='ocrx_word' id='word_1_67' title='bbox 784 1347 1006 1422; x_wconf 88' lang='lat' dir='ltr'>tyrannorum,</span> <span class='ocrx_word' id='word_1_68' title='bbox 1034 1355 1161 1422; x_wconf 82' lang='lat' dir='ltr'>quorun</span> 
     </span>
     <span class='ocr_line' id='line_1_11' title="bbox 220 1418 1161 1508; baseline 0.005 -27"><span class='ocrx_word' id='word_1_69' title='bbox 220 1418 304 1482; x_wconf 88' lang='lat' dir='ltr'>haud</span> <span class='ocrx_word' id='word_1_70' title='bbox 312 1419 375 1482; x_wconf 87' lang='lat' dir='ltr'>fere</span> <span class='ocrx_word' id='word_1_71' title='bbox 384 1419 946 1508; x_wconf 85' lang='lat' dir='ltr'>quisquaminteritumtalemeffugit.</span> <span class='ocrx_word' id='word_1_72' title='bbox 957 1421 1080 1486; x_wconf 85' lang='lat' dir='ltr'>Malus</span> <span class='ocrx_word' id='word_1_73' title='bbox 1091 1423 1161 1486; x_wconf 86' lang='lat' dir='ltr'>enin</span> 
     </span>
     <span class='ocr_line' id='line_1_12' title="bbox 220 1505 1161 1592; baseline 0.006 -25"><span class='ocrx_word' id='word_1_74' title='bbox 220 1514 268 1567; x_wconf 90' lang='lat' dir='ltr'>est</span> <span class='ocrx_word' id='word_1_75' title='bbox 279 1516 385 1568; x_wconf 86' lang='lat' dir='ltr'>custos</span> <span class='ocrx_word' id='word_1_76' title='bbox 401 1505 615 1570; x_wconf 83' lang='lat' dir='ltr'>diuturnitatis</span> <span class='ocrx_word' id='word_1_77' title='bbox 626 1516 744 1570; x_wconf 84' lang='lat' dir='ltr'>metus:</span> <span class='ocrx_word' id='word_1_78' title='bbox 760 1518 931 1592; x_wconf 86' lang='lat' dir='ltr'>contraque</span> <span class='ocrx_word' id='word_1_79' title='bbox 939 1507 1161 1574; x_wconf 81' lang='lat' dir='ltr'>benevolenti</span> 
     </span>
     <span class='ocr_line' id='line_1_13' title="bbox 218 1589 1161 1680; baseline 0.005 -27"><span class='ocrx_word' id='word_1_80' title='bbox 218 1589 320 1654; x_wconf 87' lang='lat' dir='ltr'>fidelis</span> <span class='ocrx_word' id='word_1_81' title='bbox 335 1591 385 1654; x_wconf 89' lang='lat' dir='ltr'>vel</span> <span class='ocrx_word' id='word_1_82' title='bbox 401 1591 440 1655; x_wconf 87' lang='lat' dir='ltr'>ad</span> <span class='ocrx_word' id='word_1_83' title='bbox 455 1592 708 1678; x_wconf 87' lang='lat' dir='ltr'>perpetuitatem.</span> <span class='ocrx_word' id='word_1_84' title='bbox 753 1596 806 1655; x_wconf 80' lang='lat'>24.</span> <span class='ocrx_word' id='word_1_85' title='bbox 833 1593 896 1656; x_wconf 87' lang='lat' dir='ltr'>Sed</span> <span class='ocrx_word' id='word_1_86' title='bbox 910 1591 960 1670; x_wconf 89' lang='lat' dir='ltr'>iis,</span> <span class='ocrx_word' id='word_1_87' title='bbox 979 1593 1040 1678; x_wconf 92' lang='lat' dir='ltr'>qui</span> <span class='ocrx_word' id='word_1_88' title='bbox 1057 1595 1093 1658; x_wconf 89' lang='lat' dir='ltr'>vi</span> <span class='ocrx_word' id='word_1_89' title='bbox 1116 1617 1161 1680; x_wconf 91' lang='lat' dir='ltr'>op</span> 
     </span>
     <span class='ocr_line' id='line_1_14' title="bbox 219 1676 1161 1763; baseline 0.004 -23"><span class='ocrx_word' id='word_1_90' title='bbox 219 1697 342 1761; x_wconf 86' lang='lat' dir='ltr'>pressos</span> <span class='ocrx_word' id='word_1_91' title='bbox 356 1677 487 1763; x_wconf 86' lang='lat' dir='ltr'>imperio</span> <span class='ocrx_word' id='word_1_92' title='bbox 502 1682 662 1756; x_wconf 74' lang='lat' dir='ltr'>coercent,</span> <span class='ocrx_word' id='word_1_93' title='bbox 680 1677 721 1741; x_wconf 91' lang='lat' dir='ltr'>sit</span> <span class='ocrx_word' id='word_1_94' title='bbox 735 1699 811 1741; x_wconf 91' lang='lat' dir='ltr'>sane</span> <span class='ocrx_word' id='word_1_95' title='bbox 825 1676 1006 1742; x_wconf 87' lang='lat' dir='ltr'>adhibenda</span> <span class='ocrx_word' id='word_1_96' title='bbox 1018 1679 1161 1758; x_wconf 72' lang='lat' dir='ltr'>saevitia,</span> 
     </span>
     <span class='ocr_line' id='line_1_15' title="bbox 221 1762 1161 1852; baseline 0.005 -27"><span class='ocrx_word' id='word_1_97' title='bbox 221 1774 257 1826; x_wconf 90' lang='lat' dir='ltr'>ut</span> <span class='ocrx_word' id='word_1_98' title='bbox 273 1762 356 1826; x_wconf 88' lang='lat' dir='ltr'>heris</span> <span class='ocrx_word' id='word_1_99' title='bbox 374 1763 407 1826; x_wconf 92' lang='lat' dir='ltr'>in</span> <span class='ocrx_word' id='word_1_100' title='bbox 427 1763 570 1841; x_wconf 89' lang='lat' dir='ltr'>famulos,</span> <span class='ocrx_word' id='word_1_101' title='bbox 588 1764 614 1827; x_wconf 91' lang='lat' dir='ltr'>si</span> <span class='ocrx_word' id='word_1_102' title='bbox 629 1763 719 1828; x_wconf 86' lang='lat' dir='ltr'>aliter</span> <span class='ocrx_word' id='word_1_103' title='bbox 733 1763 833 1827; x_wconf 85' lang='lat' dir='ltr'>teneri</span> <span class='ocrx_word' id='word_1_104' title='bbox 847 1786 910 1826; x_wconf 90' lang='lat' dir='ltr'>non</span> <span class='ocrx_word' id='word_1_105' title='bbox 925 1777 1088 1849; x_wconf 89' lang='lat' dir='ltr'>possunt:</span> <span class='ocrx_word' id='word_1_106' title='bbox 1113 1765 1161 1852; x_wconf 78' lang='lat' dir='ltr'>qd</span> 
     </span>
     <span class='ocr_line' id='line_1_16' title="bbox 219 1847 1161 1929; baseline 0.004 -19"><span class='ocrx_word' id='word_1_107' title='bbox 219 1870 293 1912; x_wconf 88' lang='lat' dir='ltr'>vero</span> <span class='ocrx_word' id='word_1_108' title='bbox 307 1849 341 1910; x_wconf 93' lang='lat' dir='ltr'>in</span> <span class='ocrx_word' id='word_1_109' title='bbox 355 1849 454 1912; x_wconf 88' lang='lat' dir='ltr'>libera</span> <span class='ocrx_word' id='word_1_110' title='bbox 469 1849 597 1912; x_wconf 90' lang='lat' dir='ltr'>civitate</span> <span class='ocrx_word' id='word_1_111' title='bbox 612 1849 658 1913; x_wconf 90' lang='lat' dir='ltr'>ita</span> <span class='ocrx_word' id='word_1_112' title='bbox 673 1870 706 1912; x_wconf 90' lang='lat' dir='ltr'>se</span> <span class='ocrx_word' id='word_1_113' title='bbox 723 1847 894 1928; x_wconf 85' lang='lat' dir='ltr'>instruunt,</span> <span class='ocrx_word' id='word_1_114' title='bbox 911 1862 947 1914; x_wconf 93' lang='lat' dir='ltr'>ut</span> <span class='ocrx_word' id='word_1_115' title='bbox 962 1863 1161 1929; x_wconf 82' lang='lat' dir='ltr'>metuantur,</span> 
     </span>
     <span class='ocr_line' id='line_1_17' title="bbox 218 1932 1161 2018; baseline 0.005 -22"><span class='ocrx_word' id='word_1_116' title='bbox 218 1933 256 1997; x_wconf 91' lang='lat' dir='ltr'>iis</span> <span class='ocrx_word' id='word_1_117' title='bbox 279 1932 357 1997; x_wconf 85' lang='lat' dir='ltr'>nihil</span> <span class='ocrx_word' id='word_1_118' title='bbox 379 1944 483 2018; x_wconf 90' lang='lat' dir='ltr'>potest</span> <span class='ocrx_word' id='word_1_119' title='bbox 505 1955 572 1997; x_wconf 90' lang='lat' dir='ltr'>esse</span> <span class='ocrx_word' id='word_1_120' title='bbox 591 1933 777 1999; x_wconf 88' lang='lat' dir='ltr'>dementius.</span> <span class='ocrx_word' id='word_1_121' title='bbox 825 1933 981 2009; x_wconf 83' lang='lat' dir='ltr'>Quamvis</span> <span class='ocrx_word' id='word_1_122' title='bbox 996 1937 1085 2001; x_wconf 89' lang='lat' dir='ltr'>enim</span> <span class='ocrx_word' id='word_1_123' title='bbox 1100 1938 1161 2002; x_wconf 84' lang='lat' dir='ltr'>sint</span> 
     </span>
     <span class='ocr_line' id='line_1_18' title="bbox 218 2017 1161 2107; baseline 0.006 -25"><span class='ocrx_word' id='word_1_124' title='bbox 218 2019 376 2082; x_wconf 89' lang='lat' dir='ltr'>demersae</span> <span class='ocrx_word' id='word_1_125' title='bbox 405 2017 492 2105; x_wconf 84' lang='lat' dir='ltr'>leges</span> <span class='ocrx_word' id='word_1_126' title='bbox 520 2017 655 2107; x_wconf 90' lang='lat' dir='ltr'>alicujus</span> <span class='ocrx_word' id='word_1_127' title='bbox 678 2020 802 2106; x_wconf 93' lang='lat' dir='ltr'>opibus,</span> <span class='ocrx_word' id='word_1_128' title='bbox 830 2022 974 2105; x_wconf 88' lang='lat' dir='ltr'>quamvis</span> <span class='ocrx_word' id='word_1_129' title='bbox 998 2021 1161 2088; x_wconf 84' lang='lat' dir='ltr'>timefacta</span> 
     </span>
     <span class='ocr_line' id='line_1_19' title="bbox 218 2104 1158 2194; baseline 0.007 -27"><span class='ocrx_word' id='word_1_130' title='bbox 218 2104 355 2180; x_wconf 87' lang='lat' dir='ltr'>libertas,</span> <span class='ocrx_word' id='word_1_131' title='bbox 373 2116 540 2190; x_wconf 85' lang='lat' dir='ltr'>emergunt</span> <span class='ocrx_word' id='word_1_132' title='bbox 563 2115 668 2168; x_wconf 87' lang='lat' dir='ltr'>tamen</span> <span class='ocrx_word' id='word_1_133' title='bbox 687 2105 767 2170; x_wconf 89' lang='lat' dir='ltr'>haec</span> <span class='ocrx_word' id='word_1_134' title='bbox 781 2105 822 2171; x_wconf 89' lang='lat' dir='ltr'>ali</span> <span class='ocrx_word' id='word_1_135' title='bbox 845 2106 949 2170; x_wconf 89' lang='lat' dir='ltr'>nando</span> <span class='ocrx_word' id='word_1_136' title='bbox 963 2118 1020 2170; x_wconf 89' lang='lat' dir='ltr'>aut</span> <span class='ocrx_word' id='word_1_137' title='bbox 1031 2108 1158 2194; x_wconf 91' lang='lat' dir='ltr'>judiciis</span> 
     </span>
     <span class='ocr_line' id='line_1_20' title="bbox 219 2129 1155 2279; baseline 0.006 -26"><span class='ocrx_word' id='word_1_138' title='bbox 219 2187 323 2253; x_wconf 87' lang='lat' dir='ltr'>tacitis</span> <span class='ocrx_word' id='word_1_139' title='bbox 346 2199 402 2252; x_wconf 88' lang='lat' dir='ltr'>aut</span> <span class='ocrx_word' id='word_1_140' title='bbox 423 2189 554 2254; x_wconf 89' lang='lat' dir='ltr'>occultis</span> <span class='ocrx_word' id='word_1_141' title='bbox 580 2190 619 2253; x_wconf 92' lang='lat' dir='ltr'>de</span> <span class='ocrx_word' id='word_1_142' title='bbox 640 2190 759 2255; x_wconf 91' lang='lat' dir='ltr'>honore</span> <span class='ocrx_word' id='word_1_143' title='bbox 784 2129 952 2279; x_wconf 60' lang='lat' dir='ltr'>sudragiis.</span> <span class='ocrx_word' id='word_1_144' title='bbox 1009 2194 1155 2259; x_wconf 88' lang='lat' dir='ltr'>Acriores</span> 
     </span>
     <span class='ocr_line' id='line_1_21' title="bbox 219 2275 1153 2363; baseline 0.005 -24"><span class='ocrx_word' id='word_1_145' title='bbox 219 2286 325 2339; x_wconf 84' lang='lat' dir='ltr'>autem</span> <span class='ocrx_word' id='word_1_146' title='bbox 341 2296 462 2338; x_wconf 90' lang='lat' dir='ltr'>morsus</span> <span class='ocrx_word' id='word_1_147' title='bbox 477 2287 551 2339; x_wconf 90' lang='lat' dir='ltr'>sunt</span> <span class='ocrx_word' id='word_1_148' title='bbox 565 2275 759 2341; x_wconf 85' lang='lat' dir='ltr'>intermissae</span> <span class='ocrx_word' id='word_1_149' title='bbox 774 2277 938 2356; x_wconf 82' lang='lat' dir='ltr'>libertatis,</span> <span class='ocrx_word' id='word_1_150' title='bbox 947 2298 1043 2363; x_wconf 87' lang='lat' dir='ltr'>quam</span> <span class='ocrx_word' id='word_1_151' title='bbox 1054 2295 1153 2346; x_wconf 89' lang='lat' dir='ltr'>reten-</span> 
     </span>
     <span class='ocr_line' id='line_1_22' title="bbox 218 2360 1152 2510; baseline 0.006 -86"><span class='ocrx_word' id='word_1_152' title='bbox 218 2372 281 2425; x_wconf 86' lang='lat' dir='ltr'>tae.</span> <span class='ocrx_word' id='word_1_153' title='bbox 329 2360 423 2434; x_wconf 84' lang='lat' dir='ltr'>Quod</span> <span class='ocrx_word' id='word_1_154' title='bbox 436 2361 535 2448; x_wconf 82' lang='lat' dir='ltr'>igitur</span> <span class='ocrx_word' id='word_1_155' title='bbox 548 2361 699 2426; x_wconf 89' lang='lat' dir='ltr'>latissime</span> <span class='ocrx_word' id='word_1_156' title='bbox 699 2373 808 2510; x_wconf 71' lang='lat' dir='ltr'>patet,</span> <span class='ocrx_word' id='word_1_157' title='bbox 822 2385 925 2449; x_wconf 92' lang='lat' dir='ltr'>neque</span> <span class='ocrx_word' id='word_1_158' title='bbox 938 2364 977 2428; x_wconf 88' lang='lat' dir='ltr'>ad</span> <span class='ocrx_word' id='word_1_159' title='bbox 989 2364 1152 2430; x_wconf 91' lang='lat' dir='ltr'>incolumi·</span> 
     </span>
     <span class='ocr_line' id='line_1_23' title="bbox 218 2445 1149 2534; baseline 0.006 -23"><span class='ocrx_word' id='word_1_160' title='bbox 218 2458 317 2511; x_wconf 89' lang='lat' dir='ltr'>tatem</span> <span class='ocrx_word' id='word_1_161' title='bbox 342 2446 454 2524; x_wconf 90' lang='lat' dir='ltr'>solum,</span> <span class='ocrx_word' id='word_1_162' title='bbox 483 2445 536 2510; x_wconf 90' lang='lat' dir='ltr'>sed</span> <span class='ocrx_word' id='word_1_163' title='bbox 562 2447 657 2511; x_wconf 87' lang='lat' dir='ltr'>etiam</span> <span class='ocrx_word' id='word_1_164' title='bbox 679 2471 699 2511; x_wconf 88' lang='lat' dir='ltr'>a</span> <span class='ocrx_word' id='word_1_165' title='bbox 741 2471 816 2534; x_wconf 89' lang='lat' dir='ltr'>opes</span> <span class='ocrx_word' id='word_1_166' title='bbox 837 2460 868 2512; x_wconf 88' lang='lat' dir='ltr'>et</span> <span class='ocrx_word' id='word_1_167' title='bbox 883 2450 1054 2534; x_wconf 87' lang='lat' dir='ltr'>potentiam</span> <span class='ocrx_word' id='word_1_168' title='bbox 1068 2451 1149 2516; x_wconf 85' lang='lat' dir='ltr'>valet</span> 
     </span>
     <span class='ocr_line' id='line_1_24' title="bbox 218 2532 1146 2618; baseline 0.009 -24"><span class='ocrx_word' id='word_1_169' title='bbox 218 2532 401 2618; x_wconf 89' lang='lat' dir='ltr'>plurimum,</span> <span class='ocrx_word' id='word_1_170' title='bbox 427 2532 458 2596; x_wconf 93' lang='lat' dir='ltr'>id</span> <span class='ocrx_word' id='word_1_171' title='bbox 483 2533 721 2618; x_wconf 85' lang='lat' dir='ltr'>amplectamur,</span> <span class='ocrx_word' id='word_1_172' title='bbox 747 2545 783 2597; x_wconf 92' lang='lat' dir='ltr'>ut</span> <span class='ocrx_word' id='word_1_173' title='bbox 809 2545 911 2599; x_wconf 91' lang='lat' dir='ltr'>metus</span> <span class='ocrx_word' id='word_1_174' title='bbox 933 2535 1020 2614; x_wconf 86' lang='lat' dir='ltr'>absit,</span> <span class='ocrx_word' id='word_1_175' title='bbox 1038 2538 1146 2603; x_wconf 84' lang='lat' dir='ltr'>caritas</span> 
     </span>
     <span class='ocr_line' id='line_1_25' title="bbox 219 2618 1144 2707; baseline 0.008 -25"><span class='ocrx_word' id='word_1_176' title='bbox 219 2618 402 2682; x_wconf 85' lang='lat' dir='ltr'>retineatur.</span> <span class='ocrx_word' id='word_1_177' title='bbox 450 2618 500 2683; x_wconf 85' lang='lat' dir='ltr'>lta</span> <span class='ocrx_word' id='word_1_178' title='bbox 521 2619 679 2697; x_wconf 86' lang='lat' dir='ltr'>facillime,</span> <span class='ocrx_word' id='word_1_179' title='bbox 697 2641 778 2704; x_wconf 88' lang='lat' dir='ltr'>quae</span> <span class='ocrx_word' id='word_1_180' title='bbox 799 2621 952 2698; x_wconf 88' lang='lat' dir='ltr'>volemus,</span> <span class='ocrx_word' id='word_1_181' title='bbox 970 2632 1000 2685; x_wconf 92' lang='lat' dir='ltr'>et</span> <span class='ocrx_word' id='word_1_182' title='bbox 1020 2624 1144 2707; x_wconf 86' lang='lat' dir='ltr'>privatis</span> 
     </span>
    </p>

    <p class='ocr_par' dir='ltr' id='par_1_4' title="bbox 219 2702 1142 2795">
     <span class='ocr_line' id='line_1_26' title="bbox 219 2702 1142 2795; baseline 0.009 -29"><span class='ocrx_word' id='word_1_183' title='bbox 219 2704 252 2768; x_wconf 91' lang='lat' dir='ltr'>in</span> <span class='ocrx_word' id='word_1_184' title='bbox 267 2705 359 2767; x_wconf 88' lang='lat' dir='ltr'>rebus</span> <span class='ocrx_word' id='word_1_185' title='bbox 374 2702 454 2768; x_wconf 90' lang='lat' dir='ltr'>etin</span> <span class='ocrx_word' id='word_1_186' title='bbox 469 2726 503 2769; x_wconf 89' lang='lat' dir='ltr'>re</span> <span class='ocrx_word' id='word_1_187' title='bbox 518 2705 656 2790; x_wconf 88' lang='lat' dir='ltr'>publica,</span> <span class='ocrx_word' id='word_1_188' title='bbox 667 2727 899 2790; x_wconf 86' lang='lat' dir='ltr'>consequemur.</span> <span class='ocrx_word' id='word_1_189' title='bbox 949 2705 1080 2787; x_wconf 86' lang='lat' dir='ltr'>Etenim,</span> <span class='ocrx_word' id='word_1_190' title='bbox 1091 2712 1142 2795; x_wconf 91' lang='lat' dir='ltr'>qui</span> 
     </span>
    </p>

    <p class='ocr_par' dir='ltr' id='par_1_5' title="bbox 220 2789 1140 2875">
     <span class='ocr_line' id='line_1_27' title="bbox 220 2789 1140 2875; baseline 0.008 -22"><span class='ocrx_word' id='word_1_191' title='bbox 220 2812 253 2853; x_wconf 87' lang='lat' dir='ltr'>se</span> <span class='ocrx_word' id='word_1_192' title='bbox 269 2789 366 2854; x_wconf 88' lang='lat' dir='ltr'>metui</span> <span class='ocrx_word' id='word_1_193' title='bbox 381 2789 499 2868; x_wconf 81' lang='lat' dir='ltr'>volent,</span> <span class='ocrx_word' id='word_1_194' title='bbox 516 2813 536 2854; x_wconf 83' lang='lat' dir='ltr'>a</span> <span class='ocrx_word' id='word_1_195' title='bbox 546 2790 661 2875; x_wconf 89' lang='lat' dir='ltr'>quibus</span> <span class='ocrx_word' id='word_1_196' title='bbox 672 2802 862 2870; x_wconf 89' lang='lat' dir='ltr'>metuentur,</span> <span class='ocrx_word' id='word_1_197' title='bbox 874 2791 996 2855; x_wconf 89' lang='lat' dir='ltr'>eosdem</span> <span class='ocrx_word' id='word_1_198' title='bbox 1007 2806 1140 2860; x_wconf 89' lang='lat' dir='ltr'>metuant</span> 
     </span>
    </p>

    <p class='ocr_par' dir='ltr' id='par_1_6' title="bbox 218 2874 1137 2965">
     <span class='ocr_line' id='line_1_28' title="bbox 218 2874 1137 2965; baseline 0.009 -27"><span class='ocrx_word' id='word_1_199' title='bbox 218 2874 290 2960; x_wconf 92' lang='lat' dir='ltr'>ipsi,</span> <span class='ocrx_word' id='word_1_200' title='bbox 307 2897 434 2939; x_wconf 89' lang='lat' dir='ltr'>necesse</span> <span class='ocrx_word' id='word_1_201' title='bbox 448 2887 507 2940; x_wconf 87' lang='lat' dir='ltr'>est.</span> <span class='ocrx_word' id='word_1_202' title='bbox 552 2880 604 2940; x_wconf 84' lang='lat'>25.</span> <span class='ocrx_word' id='word_1_203' title='bbox 624 2874 724 2950; x_wconf 77' lang='lat' dir='ltr'>Quid⁵</span> <span class='ocrx_word' id='word_1_204' title='bbox 738 2876 821 2940; x_wconf 90' lang='lat' dir='ltr'>enim</span> <span class='ocrx_word' id='word_1_205' title='bbox 837 2899 995 2941; x_wconf 88' lang='lat' dir='ltr'>censemus</span> <span class='ocrx_word' id='word_1_206' title='bbox 1009 2882 1137 2965; x_wconf 90' lang='lat' dir='ltr'>superio·</span> 
     </span>
    </p>

    <p class='ocr_par' dir='ltr' id='par_1_7' title="bbox 219 2960 1134 3053">
     <span class='ocr_line' id='line_1_29' title="bbox 219 2960 1134 3053; baseline 0.008 -29"><span class='ocrx_word' id='word_1_207' title='bbox 219 2983 284 3026; x_wconf 89' lang='lat' dir='ltr'>rem</span> <span class='ocrx_word' id='word_1_208' title='bbox 305 2961 395 3025; x_wconf 85' lang='lat' dir='ltr'>illum</span> <span class='ocrx_word' id='word_1_209' title='bbox 411 2960 627 3048; x_wconf 79' lang='lat' dir='ltr'>Dionysium⁶,</span> <span class='ocrx_word' id='word_1_210' title='bbox 645 2983 708 3046; x_wconf 94' lang='lat' dir='ltr'>quo</span> <span class='ocrx_word' id='word_1_211' title='bbox 723 2963 864 3028; x_wconf 86' lang='lat' dir='ltr'>cruciatu</span> <span class='ocrx_word' id='word_1_212' title='bbox 879 2963 994 3028; x_wconf 91' lang='lat' dir='ltr'>timoris</span> <span class='ocrx_word' id='word_1_213' title='bbox 1007 2967 1076 3053; x_wconf 82' lang='lat' dir='ltr'>angi</span> <span class='ocrx_word' id='word_1_214' title='bbox 1090 2974 1134 3031; x_wconf 83' lang='lat' dir='ltr'>so-</span> 
     </span>
    </p>
   </div>
   <div class='ocr_carea' id='block_1_4' title="bbox 219 3131 1130 3851">
    <p class='ocr_par' dir='ltr' id='par_1_8' title="bbox 219 3131 1130 3851">
     <span class='ocr_line' id='line_1_30' title="bbox 221 3131 1130 3205; baseline 0.009 -25"><span class='ocrx_word' id='word_1_215' title='bbox 221 3131 255 3196; x_wconf 74' lang='lat'>(2)</span> <span class='ocrx_word' id='word_1_216' title='bbox 268 3135 305 3182; x_wconf 88' lang='lat' dir='ltr'>Sic</span> <span class='ocrx_word' id='word_1_217' title='bbox 315 3135 437 3196; x_wconf 77' lang='lat' dir='ltr'>intelligo:</span> <span class='ocrx_word' id='word_1_218' title='bbox 454 3139 537 3196; x_wconf 81' lang='lat' dir='ltr'>cuique</span> <span class='ocrx_word' id='word_1_219' title='bbox 555 3132 589 3197; x_wconf 87' lang='lat' dir='ltr'>(v.</span> <span class='ocrx_word' id='word_1_220' title='bbox 602 3137 633 3183; x_wconf 84' lang='lat' dir='ltr'>ad</span> <span class='ocrx_word' id='word_1_221' title='bbox 644 3140 666 3184; x_wconf 82' lang='lat'>5.</span> <span class='ocrx_word' id='word_1_222' title='bbox 706 3138 804 3184; x_wconf 88' lang='lat' dir='ltr'>cinnum</span> <span class='ocrx_word' id='word_1_223' title='bbox 824 3153 895 3198; x_wconf 88' lang='lat' dir='ltr'>quam</span> <span class='ocrx_word' id='word_1_224' title='bbox 915 3140 945 3185; x_wconf 83' lang='lat' dir='ltr'>ad</span> <span class='ocrx_word' id='word_1_225' title='bbox 964 3135 1130 3205; x_wconf 79' lang='grc' dir='ltr'>βραχυλογίαν</span> 
     </span>
     <span class='ocr_line' id='line_1_31' title="bbox 223 3200 1130 3267; baseline 0.01 -22"><span class='ocrx_word' id='word_1_226' title='bbox 223 3200 325 3261; x_wconf 79' lang='lat' dir='ltr'>18.upr.)</span> <span class='ocrx_word' id='word_1_227' title='bbox 333 3211 501 3261; x_wconf 86' lang='lat' dir='ltr'>paretmortuo,</span> <span class='ocrx_word' id='word_1_228' title='bbox 509 3216 583 3261; x_wconf 89' lang='lat' dir='ltr'>quum</span> <span class='ocrx_word' id='word_1_229' title='bbox 592 3203 667 3248; x_wconf 78' lang='lat' dir='ltr'>maxi·</span> <span class='ocrx_word' id='word_1_230' title='bbox 706 3204 797 3250; x_wconf 79' lang='lat' dir='ltr'>refero:</span> <span class='ocrx_word' id='word_1_231' title='bbox 814 3220 837 3264; x_wconf 88' lang='lat' dir='ltr'>q.</span> <span class='ocrx_word' id='word_1_232' title='bbox 845 3205 867 3250; x_wconf 90' lang='lat' dir='ltr'>d.</span> <span class='ocrx_word' id='word_1_233' title='bbox 875 3207 1057 3264; x_wconf 85' lang='lat' dir='ltr'>quantumvaleat</span> <span class='ocrx_word' id='word_1_234' title='bbox 1065 3206 1130 3267; x_wconf 87' lang='lat' dir='ltr'>(mul-</span> 
     </span>
     <span class='ocr_line' id='line_1_32' title="bbox 219 3267 1129 3332; baseline 0.009 -21"><span class='ocrx_word' id='word_1_235' title='bbox 219 3281 257 3312; x_wconf 89' lang='lat' dir='ltr'>me</span> <span class='ocrx_word' id='word_1_236' title='bbox 270 3275 346 3325; x_wconf 63' lang='lat' dir='ltr'>peren</span> <span class='ocrx_word' id='word_1_237' title='bbox 365 3267 388 3312; x_wconf 90' lang='lat' dir='ltr'>h.</span> <span class='ocrx_word' id='word_1_238' title='bbox 399 3282 420 3313; x_wconf 88' lang='lat' dir='ltr'>e.</span> <span class='ocrx_word' id='word_1_239' title='bbox 429 3268 503 3326; x_wconf 80' lang='lat' dir='ltr'>magis</span> <span class='ocrx_word' id='word_1_240' title='bbox 514 3267 586 3312; x_wconf 85' lang='lat' dir='ltr'>etiam</span> <span class='ocrx_word' id='word_1_241' title='bbox 597 3281 668 3326; x_wconf 87' lang='lat' dir='ltr'>quam</span> <span class='ocrx_word' id='word_1_242' title='bbox 707 3277 758 3314; x_wconf 83' lang='lat' dir='ltr'>turn</span> <span class='ocrx_word' id='word_1_243' title='bbox 767 3277 845 3315; x_wconf 85' lang='lat' dir='ltr'>autem</span> <span class='ocrx_word' id='word_1_244' title='bbox 853 3269 1024 3328; x_wconf 72' lang='lat' dir='ltr'>varen-:ets</span> <span class='ocrx_word' id='word_1_245' title='bbox 1035 3271 1067 3318; x_wconf 88' lang='grc'>16.</span> <span class='ocrx_word' id='word_1_246' title='bbox 1073 3287 1129 3332; x_wconf 61' lang='lat' dir='ltr'>epm</span> 
     </span>
     <span class='ocr_line' id='line_1_33' title="bbox 219 3331 1127 3396; baseline 0.009 -20"><span class='ocrx_word' id='word_1_247' title='bbox 219 3331 297 3392; x_wconf 86' lang='lat' dir='ltr'>paruit</span> <span class='ocrx_word' id='word_1_248' title='bbox 304 3331 364 3377; x_wconf 86' lang='lat' dir='ltr'>vivo:</span> <span class='ocrx_word' id='word_1_249' title='bbox 375 3332 405 3378; x_wconf 83' lang='lat' dir='ltr'>cf.</span> <span class='ocrx_word' id='word_1_250' title='bbox 413 3332 489 3380; x_wconf 79' lang='lat' dir='ltr'>Seuer.</span> <span class='ocrx_word' id='word_1_251' title='bbox 499 3332 527 3378; x_wconf 80' lang='lat' dir='ltr'>de</span> <span class='ocrx_word' id='word_1_252' title='bbox 534 3332 583 3378; x_wconf 87' lang='lat' dir='ltr'>Ira.</span> <span class='ocrx_word' id='word_1_253' title='bbox 592 3332 608 3378; x_wconf 92' lang='lat' dir='ltr'>i.</span> <span class='ocrx_word' id='word_1_254' title='bbox 621 3335 665 3390; x_wconf 82' lang='lat'>16,</span> <span class='ocrx_word' id='word_1_255' title='bbox 708 3333 753 3380; x_wconf 87' lang='lat' dir='ltr'>vid.</span> <span class='ocrx_word' id='word_1_256' title='bbox 760 3335 831 3380; x_wconf 84' lang='lat' dir='ltr'>etiam</span> <span class='ocrx_word' id='word_1_257' title='bbox 838 3335 915 3380; x_wconf 73' lang='lat' dir='ltr'>Hand,</span> <span class='ocrx_word' id='word_1_258' title='bbox 920 3335 949 3380; x_wconf 89' lang='lat' dir='ltr'>ad</span> <span class='ocrx_word' id='word_1_259' title='bbox 955 3335 1127 3396; x_wconf 79' lang='lat' dir='ltr'>Woplrnr.p.203.</span> 
     </span>
     <span class='ocr_line' id='line_1_34' title="bbox 219 3395 1126 3460; baseline 0.01 -20"><span class='ocrx_word' id='word_1_260' title='bbox 219 3396 323 3447; x_wconf 77' lang='lat' dir='ltr'>“Quare</span> <span class='ocrx_word' id='word_1_261' title='bbox 334 3395 429 3452; x_wconf 84' lang='lat' dir='ltr'>irascor,</span> <span class='ocrx_word' id='word_1_262' title='bbox 440 3398 477 3443; x_wconf 89' lang='lat' dir='ltr'>cui</span> <span class='ocrx_word' id='word_1_263' title='bbox 488 3413 556 3458; x_wconf 78' lang='lat' dir='ltr'>quum</span> <span class='ocrx_word' id='word_1_264' title='bbox 570 3400 665 3445; x_wconf 77' lang='lat' dir='ltr'>murima</span> <span class='ocrx_word' id='word_1_265' title='bbox 706 3395 740 3460; x_wconf 82' lang='lat'>(⁴)</span> <span class='ocrx_word' id='word_1_266' title='bbox 753 3400 771 3444; x_wconf 92' lang='lat'>1.</span> <span class='ocrx_word' id='word_1_267' title='bbox 783 3414 803 3445; x_wconf 87' lang='lat' dir='ltr'>e.</span> <span class='ocrx_word' id='word_1_268' title='bbox 814 3399 954 3460; x_wconf 84' lang='lat' dir='ltr'>perniciem:</span> <span class='ocrx_word' id='word_1_269' title='bbox 969 3401 995 3446; x_wconf 82' lang='lat' dir='ltr'>cf.</span> <span class='ocrx_word' id='word_1_270' title='bbox 1005 3401 1126 3457; x_wconf 78' lang='lat' dir='ltr'>14.tl.,21.</span> 
     </span>
     <span class='ocr_line' id='line_1_35' title="bbox 219 3461 1123 3527; baseline 0.007 -19"><span class='ocrx_word' id='word_1_271' title='bbox 219 3461 348 3524; x_wconf 80' lang='lat' dir='ltr'>prosumi”</span> <span class='ocrx_word' id='word_1_272' title='bbox 384 3462 422 3508; x_wconf 81' lang='lat' dir='ltr'>Ad</span> <span class='ocrx_word' id='word_1_273' title='bbox 433 3470 569 3508; x_wconf 88' lang='lat' dir='ltr'>remantem</span> <span class='ocrx_word' id='word_1_274' title='bbox 581 3464 665 3510; x_wconf 84' lang='lat' dir='ltr'>adhibe</span> <span class='ocrx_word' id='word_1_275' title='bbox 707 3464 744 3512; x_wconf 78' lang='lat'>73.</span> <span class='ocrx_word' id='word_1_276' title='bbox 756 3463 800 3520; x_wconf 79' lang='lat' dir='ltr'>ifr,</span> <span class='ocrx_word' id='word_1_277' title='bbox 811 3465 844 3512; x_wconf 90' lang='lat' dir='ltr'>iii.</span> <span class='ocrx_word' id='word_1_278' title='bbox 857 3463 880 3512; x_wconf 83' lang='lat'>7.</span> <span class='ocrx_word' id='word_1_279' title='bbox 890 3466 928 3510; x_wconf 79' lang='lat'>34.</span> <span class='ocrx_word' id='word_1_280' title='bbox 962 3461 1123 3527; x_wconf 77' lang='lat' dir='ltr'>(⁵)cttenti.</span> 
     </span>
     <span class='ocr_line' id='line_1_36' title="bbox 219 3526 1121 3592; baseline 0.007 -19"><span class='ocrx_word' id='word_1_281' title='bbox 219 3529 251 3575; x_wconf 85' lang='lat' dir='ltr'>ad</span> <span class='ocrx_word' id='word_1_282' title='bbox 261 3527 288 3573; x_wconf 82' lang='lat' dir='ltr'>F.</span> <span class='ocrx_word' id='word_1_283' title='bbox 300 3526 339 3572; x_wconf 85' lang='lat' dir='ltr'>xii.</span> <span class='ocrx_word' id='word_1_284' title='bbox 354 3528 374 3572; x_wconf 88' lang='lat' dir='ltr'>l.</span> <span class='ocrx_word' id='word_1_285' title='bbox 387 3527 408 3572; x_wconf 81' lang='lat'>2.</span> <span class='ocrx_word' id='word_1_286' title='bbox 426 3528 489 3586; x_wconf 85' lang='lat' dir='ltr'>apud</span> <span class='ocrx_word' id='word_1_287' title='bbox 501 3527 589 3584; x_wconf 76' lang='lat' dir='ltr'>Pearc..</span> <span class='ocrx_word' id='word_1_288' title='bbox 601 3531 616 3553; x_wconf 88' lang='lat'>“</span> <span class='ocrx_word' id='word_1_289' title='bbox 627 3529 665 3574; x_wconf 78' lang='lat' dir='ltr'>An</span> <span class='ocrx_word' id='word_1_290' title='bbox 705 3530 727 3575; x_wconf 84' lang='lat'>9.</span> <span class='ocrx_word' id='word_1_291' title='bbox 735 3530 781 3587; x_wconf 69' lang='lat'>23,</span> <span class='ocrx_word' id='word_1_292' title='bbox 793 3532 808 3556; x_wconf 88' lang='lat'>“</span> <span class='ocrx_word' id='word_1_293' title='bbox 818 3530 880 3582; x_wconf 80' lang='lat' dir='ltr'>Quid</span> <span class='ocrx_word' id='word_1_294' title='bbox 887 3543 942 3576; x_wconf 85' lang='lat' dir='ltr'>vero</span> <span class='ocrx_word' id='word_1_295' title='bbox 951 3530 1121 3592; x_wconf 81' lang='lat' dir='ltr'>Gaesaremputa-</span> 
     </span>
     <span class='ocr_line' id='line_1_37' title="bbox 219 3588 1121 3657; baseline 0.006 -18"><span class='ocrx_word' id='word_1_296' title='bbox 219 3588 582 3654; x_wconf 78' lang='lat' dir='ltr'>quodeimortuoparet(rerp.)‚</span> <span class='ocrx_word' id='word_1_297' title='bbox 594 3607 664 3652; x_wconf 89' lang='lat' dir='ltr'>quem</span> <span class='ocrx_word' id='word_1_298' title='bbox 705 3609 777 3650; x_wconf 71' lang='lat' dir='ltr'>mus„</span> <span class='ocrx_word' id='word_1_299' title='bbox 787 3611 840 3657; x_wconf 82' lang='lat' dir='ltr'>.quo</span> <span class='ocrx_word' id='word_1_300' title='bbox 861 3598 964 3644; x_wconf 68' lang='lat' dir='ltr'>mactatu</span> <span class='ocrx_word' id='word_1_301' title='bbox 981 3597 1041 3642; x_wconf 88' lang='lat' dir='ltr'>animi</span> <span class='ocrx_word' id='word_1_302' title='bbox 1058 3599 1121 3644; x_wconf 85' lang='lat' dir='ltr'>vitam</span> 
     </span>
     <span class='ocr_line' id='line_1_38' title="bbox 219 3657 1119 3717; baseline 0.003 -12"><span class='ocrx_word' id='word_1_303' title='bbox 219 3661 299 3705; x_wconf 85' lang='lat' dir='ltr'>vivum</span> <span class='ocrx_word' id='word_1_304' title='bbox 310 3658 372 3704; x_wconf 85' lang='lat' dir='ltr'>ferra</span> <span class='ocrx_word' id='word_1_305' title='bbox 385 3672 432 3703; x_wconf 89' lang='lat' dir='ltr'>non</span> <span class='ocrx_word' id='word_1_306' title='bbox 444 3657 566 3717; x_wconf 81' lang='lat' dir='ltr'>poteratl’&#39;</span> <span class='ocrx_word' id='word_1_307' title='bbox 593 3659 665 3704; x_wconf 78' lang='lat' dir='ltr'>Frus-</span> <span class='ocrx_word' id='word_1_308' title='bbox 705 3667 812 3706; x_wconf 80' lang='lat' dir='ltr'>acturum</span> <span class='ocrx_word' id='word_1_309' title='bbox 827 3661 901 3707; x_wconf 83' lang='lat' dir='ltr'>fuisse</span> <span class='ocrx_word' id='word_1_310' title='bbox 910 3662 936 3706; x_wconf 80' lang='lat' dir='ltr'>l”</span> <span class='ocrx_word' id='word_1_311' title='bbox 953 3662 988 3707; x_wconf 87' lang='lat' dir='ltr'>ubi</span> <span class='ocrx_word' id='word_1_312' title='bbox 1003 3661 1041 3708; x_wconf 85' lang='lat' dir='ltr'>vid.</span> <span class='ocrx_word' id='word_1_313' title='bbox 1057 3663 1119 3708; x_wconf 85' lang='lat' dir='ltr'>Davi-</span> 
     </span>
     <span class='ocr_line' id='line_1_39' title="bbox 220 3718 1117 3786; baseline 0.006 -17"><span class='ocrx_word' id='word_1_314' title='bbox 220 3734 257 3770; x_wconf 82' lang='lat' dir='ltr'>tra</span> <span class='ocrx_word' id='word_1_315' title='bbox 268 3725 353 3770; x_wconf 81' lang='lat' dir='ltr'>Graev.</span> <span class='ocrx_word' id='word_1_316' title='bbox 368 3727 437 3784; x_wconf 82' lang='lat' dir='ltr'>paret</span> <span class='ocrx_word' id='word_1_317' title='bbox 453 3736 517 3782; x_wconf 79' lang='lat' dir='ltr'>puae.</span> <span class='ocrx_word' id='word_1_318' title='bbox 551 3718 665 3783; x_wconf 73' lang='lat' dir='ltr'>(³)1ndi-</span> <span class='ocrx_word' id='word_1_319' title='bbox 706 3723 768 3770; x_wconf 82' lang='lat' dir='ltr'>rius:</span> <span class='ocrx_word' id='word_1_320' title='bbox 785 3725 844 3772; x_wconf 88' lang='lat' dir='ltr'>adde</span> <span class='ocrx_word' id='word_1_321' title='bbox 858 3726 941 3772; x_wconf 85' lang='lat' dir='ltr'>Matth.</span> <span class='ocrx_word' id='word_1_322' title='bbox 952 3726 979 3771; x_wconf 88' lang='lat' dir='ltr'>ad</span> <span class='ocrx_word' id='word_1_323' title='bbox 988 3727 1117 3786; x_wconf 73' lang='lat' dir='ltr'>otpmlimc</span> 
     </span>
     <span class='ocr_line' id='line_1_40' title="bbox 219 3785 1115 3851; baseline 0.006 -17"><span class='ocrx_word' id='word_1_324' title='bbox 219 3789 388 3836; x_wconf 83' lang='lat' dir='ltr'>randimcdum</span> <span class='ocrx_word' id='word_1_325' title='bbox 397 3803 443 3834; x_wconf 91' lang='lat' dir='ltr'>non</span> <span class='ocrx_word' id='word_1_326' title='bbox 452 3799 495 3849; x_wconf 73' lang='lat' dir='ltr'>ego</span> <span class='ocrx_word' id='word_1_327' title='bbox 503 3788 666 3834; x_wconf 80' lang='lat' dir='ltr'>tamadGrse·</span> <span class='ocrx_word' id='word_1_328' title='bbox 706 3791 757 3835; x_wconf 87' lang='lat' dir='ltr'>Am.</span> <span class='ocrx_word' id='word_1_329' title='bbox 778 3788 812 3836; x_wconf 82' lang='lat'>17.</span> <span class='ocrx_word' id='word_1_330' title='bbox 825 3787 862 3836; x_wconf 81' lang='grc'>49.</span> <span class='ocrx_word' id='word_1_331' title='bbox 897 3785 929 3851; x_wconf 72' lang='lat'>(⁶)</span> <span class='ocrx_word' id='word_1_332' title='bbox 942 3791 975 3837; x_wconf 80' lang='lat' dir='ltr'>Cf.</span> <span class='ocrx_word' id='word_1_333' title='bbox 987 3790 1039 3839; x_wconf 79' lang='lat' dir='ltr'>Ture.</span> <span class='ocrx_word' id='word_1_334' title='bbox 1054 3807 1072 3837; x_wconf 89' lang='lat' dir='ltr'>v.</span> <span class='ocrx_word' id='word_1_335' title='bbox 1083 3794 1115 3839; x_wconf 82' lang='lat'>2⁰.</span> 
     </span>
    </p>
   </div>
   <div class='ocr_carea' id='block_1_5' title="bbox 0 0 1240 4432">
    <p class='ocr_par' dir='ltr' id='par_1_9' title="bbox 0 0 1240 4432">
     <span class='ocr_line' id='line_1_41' title="bbox 0 0 1240 4432; baseline 0 0"><span class='ocrx_word' id='word_1_336' title='bbox 0 0 1240 4432; x_wconf 95' lang='lat' dir='ltr'> </span> 
     </span>
    </p>
   </div>
  </div>
 </body>
</html>
