2472 4432
291 429 330 488 28
634 425 690 486 DE
710 421 889 485 olricus

296 585 470 672 Scipiones,
487 581 561 648 hinc
578 580 762 662 Maximus'l,
782 582 965 662 Marcellus,
982 582 1172 650 innumera}

291 672 364 737 alii:
387 671 504 735 maxim
544 692 584 735 ue
600 667 667 756 ipse
692 669 826 757 populus
844 669 1005 732 Romanus
1028 671 1137 734 animi
1154 693 1172 736 n

291 756 433 821 nitudine
445 755 535 821 excel
560 768 584 820 t.
628 755 816 819 Declaratur
826 765 930 818 autem
941 753 1087 819 studium
1105 757 1172 822 bell

292 842 420 991 glpdae,
449 840 533 928 quod
561 852 679 907 statuas
708 860 832 927 quoque
861 839 1002 904 videmus
1025 853 1153 906 ornatu

291 929 334 993 mi
348 929 428 992 itari.

338 1013 391 1078 xl
397 1014 443 1078 X.
466 1015 518 1080 62.
540 1013 603 1080 Sed
618 1036 655 1078 ea
666 1012 760 1076 animi
772 1011 877 1090 elatio,
890 1031 970 1098 quae
980 1013 1127 1078 cernitur
1136 1014 1172 1080 in

292 1099 397 1164 riculis
417 1112 449 1165 et
467 1100 637 1176 laboribus,
661 1099 687 1162 si
705 1098 829 1184 justitia
849 1109 940 1162 vacat
960 1111 1158 1186 pugnatque

292 1208 349 1272 pro
371 1186 470 1250 salute
493 1184 660 1262 communi,
677 1183 731 1248 sed
752 1200 808 1269 pro
823 1185 887 1248 suis
903 1185 1086 1264 commodis,
1105 1187 1141 1249 in
1160 1209 1172 1254 r

293 1282 350 1336 est.
396 1272 470 1336 Non
493 1272 585 1337 modo
607 1270 691 1335 enim
709 1269 741 1334 id
757 1269 881 1334 virtutis
894 1290 957 1334 non
973 1281 1032 1349 est,
1051 1271 1110 1336 sed
1151 1296 1172 1336 o

292 1357 494 1423 immanitatis
509 1379 632 1424 omnem
640 1355 867 1420 humanitatem
877 1355 1070 1442 repellentis.
1118 1294 1172 1422 ila

292 1444 389 1529 probe
411 1443 592 1508 delinitura
611 1441 725 1506 Stoicis
747 1441 907 1520 fortitudo,
924 1462 1021 1528 quum
1036 1463 1111 1506 eam
1132 1443 1172 1508 vi}

292 1540 357 1593 tem
372 1549 439 1594 esse
454 1530 563 1594 dicunt
578 1539 829 1628 propugnantem
846 1549 903 1629 pro
918 1528 1089 1613 aequitate.
1141 1531 1172 1606 Q

293 1614 374 1680 circa
388 1638 490 1694 nemo,
507 1615 562 1702 qui
576 1613 766 1678 fortitudinis
775 1614 907 1699 gloriam
917 1626 1107 1678 consecutus
1123 1629 1172 1679 est

293 1701 379 1766 sidiis
388 1713 419 1767 et
427 1702 556 1779 malitia,
568 1699 693 1764 laudem
702 1711 749 1764 est
760 1698 903 1786 adeptus.
942 1695 1045 1762 Nihil¹
1056 1699 1172 1766 honest

293 1809 359 1852 esse
397 1799 488 1865 otest,
506 1785 588 1872 quod
597 1785 722 1871 justitia
730 1795 830 1849 vacat.
874 1786 926 1848 63.
952 1785 1172 1852 Praeclarum:

293 1886 344 1937 tur
359 1874 366 1892 '
393 1874 435 1938 ud
453 1871 615 1937 Platonist
640 1878 663 1910 “
675 1868 783 1947 Non‚''
799 1870 911 1956 inquit,
932 1879 953 1911 “
965 1870 1068 1934 solum
1082 1874 1170 1936 scien

294 1979 373 2043 quae
396 1969 443 2022 est
465 1967 584 2020 remota
597 1978 616 2019 a
626 1955 760 2040 justitia,
778 1955 928 2020 calliditas
945 1957 1164 2043 potiusquam

293 2042 411 2128 pientia
432 2053 479 2105 est
500 2040 705 2128 appellanda3
728 2063 836 2104 verum
853 2041 947 2106 etiam
961 2043 1084 2108 animus
1098 2067 1172 2130 para

293 2128 330 2192 ad
343 2126 528 2213 periculum,
540 2127 566 2190 si
578 2147 634 2190 sua
648 2125 829 2226 cupiditate,
842 2145 905 2190 non
917 2128 1054 2192 utilitate
1066 2151 1172 2193 comm

292 2214 335 2276 im
359 2211 473 2291 ellitur‚
487 2212 630 2278 audaciae
639 2223 742 2297 potius
757 2233 871 2276 nomen
884 2212 1009 2290 habeat,
1028 2235 1123 2299 quam
1137 2217 1172 2280 fo:

292 2236 441 2363 tudinis?
488 2300 600 2398 Itaque
622 2297 705 2362 viros
726 2299 831 2376 fortes,
853 2299 1080 2385 magnanimos,
1099 2303 1172 2366 eosd

293 2385 392 2449 bonos
407 2395 439 2450 et
454 2385 620 2471 simphces‚
638 2383 778 2448 veritatis
800 2385 915 2449 amicos
930 2385 1120 2471 minimeque
1135 2387 1172 2452 sal

293 2493 345 2536 ces
356 2470 597 2534 essevolumus:
620 2492 700 2555 quae
711 2479 785 2534 sunt
796 2493 836 2534 ex
847 2470 1060 2536 media²laude
1067 2474 1172 2558 justiti

293 2559 346 2620 64.
373 2556 434 2620 Sed
456 2555 533 2620 illud
556 2555 696 2620 odiosum
717 2566 774 2634 est,
799 2555 882 2641 quod
904 2556 937 2619 in
958 2555 1018 2620 hac
1039 2557 1172 2622 elatione

292 2641 508 2730 magnitudine
526 2642 621 2706 animi
635 2641 781 2706 facillime
794 2641 964 2728 pertinacia
978 2653 1010 2706 et
1024 2643 1117 2708 nimia
1133 2667 1172 2708 cu

294 2727 374 2792 ditas
385 2728 576 2813 principatus
588 2727 768 2792 innascitur.
809 2726 858 2791 Ut
867 2727 950 2790 enim
961 2728 1043 2814 apud
1055 2729 1172 2794 Platon<

293 2812 363 2891 est³‚
388 2835 511 2877 omnem
526 2835 645 2877 morem
660 2811 980 2877 Lacedaemoniorum
993 2813 1172 2881 inflammati

293 2962 397 3010 Ciceroni
409 2962 500 3010 usitata.
526 2957 559 3024 (⁶)
572 2963 737 3010 ltanotamM.
777 2961 1172 3024 Calatinumduosciplones,duod

292 3029 318 3074 in
335 3028 451 3074 codicibus
469 3029 592 3088 legendam
606 3043 655 3074 esse
672 3035 696 3073 et
707 3027 736 3079 Q
777 3041 853 3084 canos,
860 3027 993 3082 Maximum,
1000 3028 1137 3086 Marcellum,
1144 3031 1172 3076 Pa

294 3093 360 3139 Fabii
367 3107 494 3152 cognomen
504 3093 580 3153 potius
591 3107 660 3152 quam
669 3105 738 3153 prae·
777 3093 834 3147 lum,
846 3091 967 3150 Catonem,
981 3089 1090 3150 Laelium,
1105 3095 1172 3142 inuun

293 3173 380 3204 nomen
393 3159 498 3204 Marcelli
510 3159 677 3217 reponendum,
688 3167 736 3204 sta·
776 3157 860 3203 nabiles
882 3158 963 3204 alios.”
981 3159 1039 3206 adde
1052 3160 1078 3206 dc
1090 3161 1126 3206 Or.
1141 3161 1155 3206 i.
1170 3185 1172 3196 ι

294 3223 335 3270 tim
346 3222 458 3280 intellexi,
469 3237 542 3282 quum
558 3222 583 3267 in
595 3224 624 3269 R.
639 3224 658 3268 1.
670 3237 737 3282 repe·
777 3221 839 3279 213,
854 3237 897 3282 pro
914 3223 943 3270 L.
961 3223 1042 3270 Mucii.
1059 3224 1093 3272 16.
1110 3223 1153 3282 ta,
1166 3243 1172 3288 p

292 3288 373 3334 rissem
391 3287 444 3333 binc
465 3287 590 3334 Marcellus
601 3288 635 3333 Μ.
652 3294 676 3334 ct
689 3290 736 3335 ian.
777 3285 857 3335 Plane.
878 3287 916 3334 25.
936 3289 983 3345 62,
1000 3289 1028 3336 dc
1037 3285 1067 3337 N.
1083 3291 1111 3337 D.
1129 3289 1150 3336 ii.
1170 3303 1172 3334 l

293 3354 351 3405 aliis
367 3353 391 3398 in
404 3367 450 3412 quo
464 3351 582 3399 librarium
594 3353 736 3398 arbitrorul·
778 3353 839 3408 165..
850 3352 882 3398 iii.
893 3351 930 3399 32.
943 3353 981 3400 80.

293 3425 328 3464 tro
340 3418 446 3462 ordinem
455 3427 564 3472 mutasse,
573 3417 596 3463 id
608 3419 684 3476 ipsum
691 3418 738 3464 uti-
809 3417 875 3464 xlx.
895 3414 929 3479 (¹)
938 3419 975 3465 Sic
983 3418 1056 3477 plures
1065 3417 1119 3475 libri,
1126 3421 1172 3468 omit

293 3497 339 3542 que
348 3491 477 3538 caventem,
484 3497 512 3528 ne
521 3483 738 3543 notaM.proprae·
777 3484 853 3530 em'm:
870 3482 898 3529 ci.
918 3482 955 3529 ifr.
973 3484 1011 3529 29.
1030 3485 1085 3540 loa,
1099 3486 1172 3532 Licet-

293 3547 387 3592 nomine
403 3548 556 3607 acciperetur:
574 3546 603 3593 cl.
618 3549 738 3607 geminum
778 3548 816 3594 30.
832 3547 892 3604 loa,
904 3547 1010 3594 litae-2
1027 3561 1046 3594 v.
1061 3549 1165 3609 Wopkens.

235 3635 241 3646 =
294 3612 372 3659 Nostri
387 3613 472 3668 locum,
489 3611 528 3657 nbi
544 3611 568 3659 iu
583 3612 646 3659 hunc
659 3613 736 3672 ipsum
780 3611 805 3658 Τ.
816 3626 839 3671 p.
851 3613 890 3658 4³.
904 3607 955 3673 [62.
968 3611 1013 3674 Η.]
1026 3627 1091 3674 seqq„
1101 3617 1172 3662 eumdr

293 3678 410 3724 rhetorum
429 3689 536 3738 campum
547 3678 656 3733 excurrit,
670 3676 736 3724 Ture.
776 3677 800 3722 in
815 3677 881 3724 Mire.
895 3678 959 3724 Odor.
971 3677 1027 3724 Nou.
1039 3687 1087 3726 tom.
1102 3695 1121 3725 x.
1132 3690 1152 3740 p.
1164 3677 1172 3738 l

294 3744 309 3789 i.
322 3743 359 3789 tc.
375 3743 436 3798 ll⁰.,
446 3743 461 3768 “
471 3741 546 3788 Multo
558 3748 636 3788 aulem
647 3741 737 3788 tardior
776 3737 874 3802 (⁹)Le.
900 3743 989 3788 intima.
1022 3739 1052 3805 (³)
1061 3743 1112 3790 Vide
1125 3745 1172 3792 odi

293 3808 355 3854 lama
367 3807 458 3855 deseret
475 3807 580 3864 Curium,
598 3807 735 3863 Fabricium,
776 3805 815 3854 87.
826 3805 847 3852 il
856 3839 862 3852 .
896 3802 930 3868 (⁴)
942 3807 976 3853 Cf.
988 3807 1062 3857 Vellei.
1071 3809 1091 3856 ii.
1099 3810 1131 3856 33.
1141 3825 1172 3870 apr
