2450 4478
212 391 267 448 116
539 385 597 448 DE
619 385 801 448 osricus

253 548 317 613 IV.
343 547 434 612 Haec
448 546 548 634 igitur
562 547 675 626 officia,
699 547 737 613 de
752 545 869 632 quibus
882 545 933 612 his
947 546 1036 612 libris
1052 547 1151 614 disse-

208 633 315 712 rimus,
339 633 429 734 quasi
455 631 593 698 secunda
606 635 762 719 quaedam
776 632 910 698 honesta
933 655 1003 698 esse
1023 633 1149 710 dicunt,

209 741 273 784 non
288 718 477 805 sapientium
491 717 584 783 modo
599 741 655 804 pro
679 719 734 796 ria,
758 717 814 782 sed
839 741 913 782 cum
935 719 1023 783 omui
1046 717 1153 784 homi-
1206 791 1207 798 χ

210 826 285 868 num
293 827 409 906 genere
418 803 607 869 communia.
634 741 683 868 ld.
693 805 804 890 ltaque
812 803 851 868 iis
860 804 1151 891 omnes,inquibus

208 905 257 956 est
272 889 398 956 virtutis
409 889 541 967 indoles,
566 903 814 955 commoventur.
861 890 933 955 Nec
945 913 1032 968 vero,
1050 913 1151 977 quum

208 975 270 1040 duo
287 975 381 1040 Decii
404 987 459 1040 aut
482 975 543 1040 duo
568 975 730 1074 Scipiones
754 976 851 1040 fortes
875 975 934 1040 viri
958 999 1150 1042 commemo.

209 1072 328 1139 rantur,
352 1073 408 1126 aut
422 1083 521 1146 quum
538 1061 702 1126 Fabricius
720 1073 776 1126 aut
797 1061 952 1126 Aristides
968 1063 1082 1148 justus
1097 1085 1151 1126 no-

209 1147 366 1225 minatur¹,
389 1161 446 1212 aut
460 1147 499 1211 ab
518 1146 580 1211 illis
595 1147 787 1212 fortitudinis
802 1158 858 1213 aut
872 1148 912 1212 ab
928 1146 978 1211 his
989 1148 1148 1234 justitiae,

208 1245 370 1318 tamquam
398 1255 418 1298 a
446 1231 610 1354 sapiente²‚
649 1233 768 1319 petitur
797 1232 991 1318 exemplum.
1044 1233 1150 1298 Nemo

210 1318 294 1382 enim
309 1318 420 1384 horum
440 1319 484 1384 sic
511 1317 636 1405 sapiens
656 1329 714 1396 est,
739 1329 775 1382 ut
798 1318 973 1404 sapientem
1000 1319 1149 1384 volumus

208 1404 365 1491 intelligi:
390 1427 447 1469 nec
460 1402 505 1481 hi,
530 1403 585 1489 qui
610 1404 767 1490 sapientes
792 1402 893 1468 habiti
919 1415 952 1468 et
979 1407 1145 1482 nominati,

210 1489 261 1554 M.
283 1490 365 1555 Cato
390 1502 423 1555 et
453 1490 491 1555 C.
514 1489 654 1565 Laelius,
679 1490 835 1576 sapientes
858 1491 1010 1567 fuerunt3
1034 1514 1077 1556 ne
1101 1492 1146 1556 illi

208 1574 335 1662 quidem
358 1576 510 1662 septem⁴:
543 1573 598 1639 sed
622 1598 663 1638 ex
685 1575 858 1640 mediorum
885 1575 1062 1640 officiorum
1088 1579 1146 1642 fre·

208 1662 338 1749 quentia
352 1661 588 1727 similitudinem
598 1661 764 1746 quamdam
775 1660 929 1761 gerebant
943 1662 1146 1748 speciemque

207 1748 406 1834 sapientium.
454 1749 502 1814 ll.
522 1747 680 1822 Quocirca
694 1769 752 1811 nec
774 1747 816 1825 1d,
842 1745 927 1831 quod
941 1769 1016 1811 vere
1031 1747 1143 1814 hones-

208 1847 276 1899 tum
291 1845 348 1911 est,
359 1835 405 1898 fas
417 1845 464 1896 est
479 1855 552 1896 cum
567 1832 711 1897 utilitatis
726 1832 936 1919 repugnantia
947 1835 1141 1919 comparari;

207 1943 265 1985 nec
280 1918 322 1996 id,
340 1918 424 2002 quod
432 1918 650 1982 communiter*5
660 1918 853 2005 appellamus
863 1916 1045 1997 honestum,
1058 1920 1143 2006 quod

209 2005 322 2070 colitur
336 2005 375 2068 ab
391 2003 439 2078 iis,
464 2003 520 2086 qui
534 2002 633 2068 bonos
648 2026 681 2068 se
696 2004 779 2067 viros
793 2002 904 2068 haberi
926 2003 1049 2083 volunt,
1073 2028 1143 2070 cum

207 2088 424 2154 emolumentis
440 2109 587 2173 umquam
606 2100 653 2154 est
669 2089 932 2175 comparandum:
957 2102 1088 2176 tamque
1110 2093 1140 2155 id

209 2174 385 2251 honestum,
417 2174 502 2258 quod
534 2172 566 2236 iu
597 2186 735 2240 nostram
762 2174 1008 2261 intelligentiam
1037 2176 1140 2253 cadit⁶,

208 2259 360 2326 tuendum
388 2257 700 2345 conservandumque
725 2272 774 2324 est
796 2260 897 2338 nobis,
930 2282 1027 2345 quam
1049 2261 1136 2339 illud,

208 2345 294 2433 quod
317 2345 441 2432 proprie
455 2344 570 2409 dicitur
590 2367 723 2467 vereque
747 2357 795 2410 est
817 2344 996 2424 honestum,
1020 2370 1057 2412 sa
1078 2347 1141 2412 ien-

208 2433 305 2497 tibus.
351 2431 453 2496 Aliter
468 2429 551 2494 enim
566 2432 666 2496 teneri
693 2453 755 2495 non
771 2442 886 2517 potest,
910 2431 1016 2517 siqua
1082 2435 1140 2499 vir-
1204 2499 1205 2504 ,

209 2528 311 2582 tutem
336 2527 384 2580 est
408 2516 489 2580 facta
513 2516 701 2603 progressio.
758 2517 822 2581 Sed
850 2516 928 2581 haec
952 2518 1080 2602 quidem
1104 2519 1140 2586 de
1204 2511 1205 2538 ³

208 2603 257 2680 iis,
305 2602 337 2665 ui
357 2604 592 2667 conservatione
615 2602 787 2667 officiorum
810 2602 1032 2668 existimantur
1054 2606 1136 2670 boni.

211 2693 260 2752 18.
280 2626 346 2762 Elui
361 2698 466 2752 autem
481 2688 586 2753 omnia
598 2688 772 2752 metiuntur
785 2688 1005 2753 emolumentis
1014 2700 1047 2755 et
1058 2713 1137 2756 com·
1203 2743 1204 2748 ,

208 2773 309 2840 modis
332 2795 435 2858 neque
462 2796 498 2838 ea
522 2773 633 2839 volunt
658 2773 896 2860 praeponderari
919 2772 1136 2855 honestate,ii

208 2860 310 2925 solent
324 2859 356 2922 in
368 2858 568 2925 deliberando
593 2858 762 2924 honestum
783 2881 856 2926 cum
882 2881 931 2937 eo,
955 2861 1042 2982 quod
1062 2863 1135 2928 utile

210 2957 334 3031 putant,
359 2966 557 3031 comparare:
581 2944 656 3010 boni
680 2945 738 3011 viri
763 2968 827 3010 non
853 2945 980 3010 solent.
1029 2947 1135 3034 Itaque

239 3115 281 3161 1v.
289 3110 323 3176 (¹)
332 3113 431 3176 dijecti
438 3116 589 3169 nominantur,
597 3129 654 3174 quo·
688 3117 764 3175 fieret,
779 3117 877 3177 gentiles
893 3116 1035 3176 philosophos
1056 3118 1134 3164 latuit:

208 3179 507 3228 neccommittam:
520 3195 541 3226 v.
551 3180 603 3225 adi.
616 3180 654 3226 41.
695 3187 778 3236 tameo,
797 3182 863 3240 quasi
884 3184 1029 3236 somniantes,
1047 3183 1072 3228 id
1089 3198 1134 3229 aue

209 3248 319 3304 148.spr.
342 3241 376 3307 (²)
389 3245 654 3304 Lamb.urupientibur,
691 3246 1134 3306 posceeldebere‚teueboot.-Depar·
1201 3253 1202 3288 l

205 3312 299 3357 frustra.
334 3306 367 3371 (³)
380 3311 509 3357 Adnotator
518 3311 586 3369 Regii
597 3309 617 3356 l.
630 3311 654 3356 in
694 3310 770 3356 ticulis
780 3311 852 3366 sio—3
864 3316 929 3365 ut-‚
938 3312 984 3356 vid.
995 3311 1097 3358 Mueller.
1106 3313 1133 3357 ad

206 3373 329 3433 margine:
355 3375 419 3422 Adeo
439 3377 553 3435 sapienter
571 3381 595 3422 et
615 3375 655 3420 to·
694 3389 727 3422 or.
738 3375 852 3435 prodeat.
870 3375 892 3421 3.
907 3377 928 3421 6.
962 3372 994 3437 (⁴)
1007 3375 1132 3437 Nmee-

206 3447 280 3489 nectos
291 3439 349 3485 dicit
366 3455 409 3486 noa
427 3455 482 3500 quoa
499 3456 547 3487 erse
567 3442 654 3487 noverit
693 3441 750 3486 ciac.
795 3436 827 3501 (ὅ)
855 3441 890 3486 Sc.
913 3441 975 3486 docti
996 3440 1130 3502 indoctique.

206 3501 653 3566 uutfilt'seatedqaordcbereememc·
694 3500 728 3567 (⁶)
738 3503 773 3551 Cf.
786 3505 817 3551 N.
826 3505 857 3550 D.
869 3505 885 3550 i.
900 3505 923 3551 9.
936 3505 982 3562 21.,
1001 3506 1088 3557 “Quod
1103 3521 1130 3554 ue
1200 3503 1201 3510 ’

207 3571 368 3619 umtumana
384 3573 487 3628 potiente
504 3577 526 3617 et
541 3573 653 3632 erigente,
692 3570 717 3616 in
740 3570 904 3628 cogitationem
929 3570 1025 3630 quidem
1051 3571 1130 3618 aara¹¹

205 3637 321 3687 retranit,-
343 3640 467 3696 essentque,
483 3636 529 3681 niti
546 3641 654 3694 corrupta
693 3631 726 3696 (⁷)
740 3634 784 3695 Np.
796 3635 934 3694 progressio.
967 3635 1005 3681 Sic
1021 3636 1073 3683 dicit
1086 3636 1129 3684 cic.

205 3708 272 3757 essct,
288 3709 311 3747 et
326 3706 400 3756 eruat,
416 3697 654 3761 eumrcformataerit
692 3713 761 3760 saepe
776 3714 865 3746 coruum
880 3705 963 3748 tenere.
997 3697 1030 3761 (⁸)
1039 3701 1092 3748 Vide
1102 3701 1129 3747 ed
1199 3755 1200 3758 Ἴ

205 3767 405 3829 adintegrttatea.
442 3765 653 3826 Quodqoarattone
692 3764 804 3811 i.1o.⁵o.
822 3779 867 3826 apr.
902 3761 935 3827 (⁹)
954 3765 990 3812 Cf.
1007 3767 1022 3813 i.
1043 3767 1075 3814 1⁰.
1094 3766 1128 3813 ³1.
