2450 4478
248 397 287 454 96
593 383 649 444 DE
672 383 843 444 OFFlCllS

168 599 176 618 .
248 549 436 640 cognomine
463 547 562 624 dives,
593 555 661 610 tum
687 543 794 630 copiis,
822 544 949 609 functus
973 553 1024 606 est
1049 543 1180 608 aedilitio

249 639 386 704 maximo
401 656 540 711 munere,
557 643 590 696 et
606 630 700 715 paulo
719 642 790 716 post
807 629 848 693 L.
866 631 1012 705 Crassus,
1032 652 1110 693 cum
1124 652 1181 693 onr-

249 725 336 788 nium
352 720 514 785 hominum
526 715 830 789 moderatissimon.
842 715 963 792 Mucio,
979 715 1181 802 magnificen-

247 808 368 874 tissima
390 805 548 870 aedilitate
571 803 698 866 functus
723 814 792 866 est:
814 799 926 865 deinde
953 802 994 866 C.
1016 800 1178 876 Claudius,

250 894 347 980 Appii
356 892 459 957 filius:
476 889 568 955 multi
577 899 659 974 post,
673 886 812 962 Luculli,
827 886 1029 964 Hortensius,
1048 888 1180 952 Silanus.

251 981 372 1045 Omnes
394 989 500 1042 autem
527 976 565 1039 P.
584 972 752 1051 Lentulus,
771 993 822 1036 mc
844 972 982 1049 consule,
1001 972 1081 1038 vicit
1097 995 1182 1059 supe

247 1067 354 1129 riores,
402 1063 498 1127 Hunc
514 1072 562 1126 est
581 1059 717 1124 Scaurus
730 1058 881 1122 imitatus.
928 1058 1182 1144 Magnificentis-

248 1151 326 1214 simo
348 1172 421 1214 vero
437 1147 535 1212 nostri
553 1144 697 1231 Pompeii
710 1165 840 1208 munera
853 1143 992 1208 secundo
1006 1145 1181 1210 consulatu.

251 1238 290 1300 ln
328 1236 420 1300 uibus
436 1233 591 1309 omnibus,
607 1229 684 1315 quid
698 1229 776 1294 milri
790 1230 922 1316 placeat,
939 1229 1043 1294 vides.

335 1321 419 1386 VII.
442 1325 496 1385 58.
523 1314 662 1382 Vitanda
683 1327 788 1380 tamen
809 1313 945 1400 suspicio
960 1327 1009 1380 est
1024 1316 1180 1380 avaritiae.

249 1408 422 1484 Mamerco,
439 1403 559 1470 homini
574 1401 780 1478 divitissimo¹,
796 1401 1029 1487 praetermissio
1045 1401 1181 1465 aedilita-

247 1495 288 1559 tis
303 1493 483 1559 consulatus
505 1488 661 1576 repulsam
682 1486 801 1552 attulit.
848 1487 955 1560 Quare
969 1497 1014 1564 et,
1033 1487 1063 1550 si
1078 1500 1182 1572 postu-

247 1582 330 1645 latur
345 1603 364 1645 a
378 1578 507 1666 populo,
520 1574 611 1640 bonis
620 1572 695 1637 viris
709 1573 737 1636 si
751 1595 814 1636 non
829 1571 1093 1650 desiderantibus,
1107 1585 1182 1637 atta·

247 1690 319 1731 men
335 1663 592 1753 approbantibus,
605 1657 783 1723 faciendum
797 1670 856 1735 est,
870 1658 963 1721 modo
978 1680 1038 1742 pro
1053 1659 1181 1724 faculta-

246 1753 344 1830 tibus,
371 1774 428 1816 nos
451 1749 511 1836 ipsi
534 1758 569 1812 ut
593 1745 742 1819 fecimus3
765 1754 808 1821 et,
824 1744 851 1808 si
872 1743 1000 1829 quando
1014 1744 1125 1829 aliqua
1139 1769 1181 1808 res

246 1841 346 1925 major
361 1849 455 1921 atque
471 1833 576 1897 utilior
591 1829 734 1917 populari
754 1829 920 1979 larpitione
934 1830 1129 1914 acquiritur;
1150 1843 1180 1893 ut

251 1922 474 2005 Oresti²nuper
484 1916 612 2004 prandia
620 1917 652 1979 in
662 1915 780 1980 semitis
812 1914 1180 2003 ecumae³nominemag-
1208 1937 1209 1950 *

246 2031 288 2072 no
302 2006 413 2071 honori
428 2006 564 2068 fuerunt.
611 2001 663 2065 Ne
680 2001 730 2066 M.
747 2001 872 2086 quidem
892 2000 965 2064 Seio
981 2001 1063 2065 vitio
1078 2001 1179 2066 datum

246 2091 396 2177 estquod
405 2089 438 2152 in
451 2086 595 2152 caritate⁴
601 2109 669 2150 asse
677 2085 816 2151 modium
826 2086 942 2173 populo
953 2085 1056 2151 dedit:
1069 2110 1179 2175 magna
1208 2105 1209 2166 l

246 2181 372 2242 enimse
384 2187 415 2240 et
425 2174 598 2238 inveterata
608 2173 724 2237 invidia
733 2195 791 2237 nec
803 2172 887 2259 turpi
893 2172 1044 2258 jactura⁵,
1060 2174 1179 2259 quando

246 2275 313 2329 erat
328 2261 446 2338 aedilis,
458 2282 515 2323 neo
524 2259 660 2322 maxima
669 2258 824 2324 liberavit.
865 2258 928 2322 Sed
936 2255 1050 2322 honori
1061 2283 1178 2324 summo

245 2373 290 2414 nu
313 2373 346 2414 er
360 2359 467 2412 nostro
485 2345 603 2409 Miloni
616 2344 687 2421 fuit,
705 2343 773 2429 qui⁶
787 2342 1015 2431 gladiatoribus
1031 2347 1126 2411 emtis
1139 2348 1177 2409 rei

246 2373 390 2522 publicae
401 2454 506 2509 causa,
518 2453 599 2516 quae
610 2429 711 2494 salute
719 2442 826 2494 nostra
834 2429 1066 2508 continebatur,
1076 2455 1177 2496 omnes

250 2523 287 2586 P.
297 2518 400 2586 Clodii
411 2530 543 2582 conatus
552 2514 944 2603 firroresque⁷compressit
968 2516 1077 2580 Causa
1085 2518 1178 2604 igitur

245 2604 421 2693 largitionis
435 2615 495 2681 est,
512 2603 538 2666 si
553 2612 608 2666 aut
629 2623 755 2666 necesse
779 2612 826 2666 est
852 2613 907 2665 aut
928 2600 1019 2666 utile.
1063 2607 1117 2670 59.
1142 2604 1176 2667 ln

245 2693 294 2756 his
312 2701 418 2756 autem
440 2690 516 2790 ipsis
537 2687 759 2752 mediocritatis
774 2687 884 2773 regula
898 2686 1019 2772 optima
1034 2703 1093 2753 est.
1139 2691 1176 2752 L.

245 2777 373 2864 quidem
397 2775 575 2861 Phrlippus‚
595 2773 639 2846 Q.
658 2773 708 2850 F,
726 2794 842 2859 magno
859 2773 905 2837 vir
926 2775 1056 2859 ingenio
1071 2775 1103 2838 in
1119 2777 1176 2863 pri-

245 2864 366 2948 misque
395 2861 507 2937 clarus,
532 2859 660 2946 gloriari
682 2857 865 2934 sciebatne
887 2858 954 2922 sine
969 2858 1037 2922 ullo
1052 2882 1176 2926 munere

244 2949 394 3035 adeptum
419 2969 487 3011 esse
513 2944 627 3021 omnia,
656 2965 736 3028 quae
760 2942 951 3008 haberentur
976 2946 1174 3031 amplissima.

247 3035 383 3099 Dicebat
404 3034 485 3099 idem
503 3031 611 3106 Cotta,
631 3029 738 3094 Curio.
785 3027 887 3093 Nobis
909 3051 1037 3115 quoque
1059 3032 1131 3097 licet
1144 3033 1174 3095 in

244 3121 304 3186 hoc
326 3115 556 3205 quodammodo
578 3114 716 3202 gloriari.
775 3115 860 3179 Nam
893 3138 949 3202 pro
973 3115 1174 3203 amplitudine

277 3309 354 3356 XVII.
372 3303 406 3369 (¹)
419 3307 509 3353 Eadem
524 3307 602 3352 forma
612 3311 689 3352 exstat
732 3306 795 3352 Verr.
806 3304 838 3350 iii.
846 3305 885 3351 93.
893 3305 956 3363 216„
968 3308 985 3332 ‘⁴
994 3307 1172 3355 Annusinsum·

243 3379 271 3424 de
281 3377 311 3422 D.
323 3376 339 3421 i.
352 3375 390 3419 36.
403 3374 441 3420 78.
475 3369 508 3434 (⁹)
520 3373 566 3418 i.e.
576 3378 602 3416 ut
611 3371 688 3417 Oresti
732 3385 770 3417 ma
793 3371 892 3418 raritate
912 3372 979 3421 tuit.’'
1015 3370 1047 3433 (ὅ)
1061 3373 1121 3420 Nota
1131 3376 1172 3419 du-

244 3455 318 3502 nuper
330 3447 366 3486 est
382 3437 528 3497 acquisitum,
540 3438 577 3484 cui
590 3437 689 3496 prandia
728 3436 813 3496 plicam
819 3443 957 3482 structuram
966 3439 1096 3484 ablativi2v.
1106 3439 1173 3499 Wop-

249 3519 361 3564 ..magno
372 3503 456 3549 honori
467 3503 578 3549 fuerunt:
596 3501 627 3548 cf.
639 3501 653 3546 i.
666 3502 688 3547 8.
729 3502 795 3547 kens.
814 3501 838 3546 in
855 3501 924 3548 Mire.
940 3503 1004 3550 Obss.
1016 3503 1074 3551 Nou.
1090 3512 1137 3550 tx.
1149 3519 1169 3564 p.

244 3575 282 3619 25.
294 3585 340 3632 spr.
373 3563 408 3629 (³)
421 3567 440 3613 l.
452 3583 472 3614 e.
490 3567 556 3630 quasi
573 3567 689 3613 decimam
730 3567 777 3621 99,
789 3565 851 3620 1³⁷„
864 3565 1005 3622 173.,ao³.;
1022 3570 1082 3615 adde
1092 3569 1170 3615 Matth.

243 3646 335 3699 partem
356 3635 471 3680 bonorum
491 3631 535 3678 diis
556 3633 687 3677 devoveret
728 3631 758 3676 ad
771 3645 803 3676 or.
819 3646 862 3690 pro
873 3632 938 3678 Mur.
956 3634 994 3679 40.
1008 3631 1046 3680 tt.
1079 3629 1141 3697 (Ml.
1152 3650 1169 3680 e.

243 3701 277 3766 (⁴)
290 3704 325 3750 Sc.
337 3713 446 3755 comune,
458 3697 604 3757 quodetiam
620 3697 687 3742 addi·
729 3695 821 3753 Miloni,
834 3699 886 3758 qui.
894 3699 1053 3758 .compressit,
1065 3701 1089 3745 in
1103 3701 1170 3758 ipsvm

243 3769 278 3816 dit
296 3768 329 3815 iii.
348 3766 384 3812 12.
404 3765 442 3811 ⁵0.
459 3770 483 3810 et
500 3763 605 3809 tata:
622 3761 688 3808 citu
728 3759 811 3808 honori
836 3759 889 3818 luit,
921 3765 981 3824 quod
1010 3765 1169 3828 compresserit
