2450 4478
252 353 293 414 94
587 353 646 414 DE
667 351 849 416 omens

254 525 381 599 ceptum
390 525 535 599 putemus
544 513 700 580 omnibus.
725 512 938 590 Quamobrem
948 512 981 577 id
991 513 1136 600 quidem
1147 535 1197 574 nor

257 597 386 664 dubium
398 611 455 677 est,
469 600 544 686 quin
556 600 612 664 illa
620 599 810 686 benignitas,
821 621 902 685 quae
910 611 1040 664 constet
1051 623 1099 663 ex
1113 621 1197 684 oper.

255 695 287 749 et
302 683 465 763 industria,
483 696 514 749 et
529 684 691 750 honestior
705 685 748 750 sit
760 698 794 750 et
811 686 906 751 latius
920 695 1033 771 pateat
1051 697 1089 750 et
1106 684 1195 771 possi

256 768 402 857 prodesse
416 771 569 858 pluribus.
615 770 864 857 Nonnumquam
874 782 1046 836 tamenest
1064 771 1119 835 lar
1147 770 1197 833 'en

255 855 350 930 dum;
374 879 432 922 neo
457 857 517 922 hoc
540 855 745 943 benignitatis
764 879 865 944 genus
880 857 1011 921 omnino
1026 879 1116 943 repu
1144 857 1197 918 ian

256 941 330 1005 dum
344 954 410 1018 est3
433 955 465 1007 et
480 965 573 1029 saepe
588 942 708 1006 idoneis
729 942 907 1008 hominibus
921 941 1158 1029 indigentibus
1172 941 1197 1002 dr

255 1049 288 1090 re
303 1026 444 1092 familiari
459 1027 718 1130 impertiendum
742 1028 797 1093 sed
824 1028 992 1116 diligenter
1016 1040 1127 1113 atque
1144 1049 1197 1090 mo

256 1112 372 1178 derata.
419 1114 517 1179 Multr
533 1115 617 1178 enim
628 1114 813 1199 patrimonia
826 1113 1004 1178 effuderunt
1014 1112 1197 1178 inconsulti

255 1197 429 1286 largiendo.
476 1200 564 1274 Quid
586 1214 692 1264 autem
714 1211 763 1265 est
777 1199 914 1277 stultius,
931 1221 1039 1285 quam,
1059 1199 1156 1285 quod
1172 1198 1197 1260 li·

257 1285 367 1350 benter
388 1285 493 1362 facias,
511 1308 620 1350 curare
642 1298 679 1350 ut
691 1285 725 1350 id
739 1284 857 1350 diutius
870 1286 972 1350 facere
987 1307 1054 1348 non
1071 1285 1197 1371 possis?

260 1370 366 1456 Atque
381 1372 478 1438 etiam
490 1383 664 1458 sequuntur
685 1371 884 1458 largitionem
898 1371 1037 1457 rapinae.
1093 1371 1197 1445 Quum

255 1457 340 1520 enim
363 1457 464 1524 dando
487 1481 580 1544 egere
604 1457 800 1542 coeperunt⁴,
830 1455 953 1521 alienis⁵
974 1456 1073 1520 bonis
1089 1477 1197 1520 manus

258 1542 368 1607 afferre
394 1559 562 1632 coguntur.
610 1543 669 1621 Ita,
695 1564 793 1628 quum
815 1542 1055 1607 benevolentiae
1073 1563 1197 1627 compa·

257 1628 372 1694 randae
387 1653 481 1696 causa
494 1628 627 1694 benefici
641 1651 709 1692 esse
721 1628 829 1706 velint,
846 1650 909 1692 non
924 1639 1014 1692 tauta
1028 1629 1141 1692 studia
1154 1649 1197 1690 aa

257 1728 432 1800 sequuntur
454 1713 585 1792 eorum⁶,
610 1714 724 1800 quibus
743 1712 905 1791 dederunt,
921 1726 1043 1800 quanta
1056 1713 1137 1778 odia
1149 1735 1197 1776 eo

259 1799 351 1877 ruml,
377 1802 492 1887 quibus
517 1800 709 1866 ademerunt.
753 1805 806 1864 55.
833 1799 1049 1874 Quamobrem
1073 1822 1137 1864 nec
1156 1799 1197 1860 ita

212 1951 215 1957 ,
262 1886 435 1952 claudenda
449 1907 497 1949 res
512 1900 561 1949 est
575 1885 744 1964 familiaris,
757 1897 794 1950 ut
804 1908 873 1950 eam
881 1885 1063 1971 benignitas
1079 1885 1196 1971 aperire

259 1993 322 2034 non
350 1971 466 2055 possit;
491 1993 549 2034 nec
575 1971 619 2034 ita
642 1972 818 2049 reseranda,
844 1982 881 2035 ut
904 1982 1011 2056 pateat
1037 1971 1193 2035 omnibus,

263 2055 382 2120 Modus
391 2055 584 2138 adhibeatur,
597 2055 688 2142 isque
697 2056 1088 2121 refemturadfiacultates.
1123 2056 1195 2121 Om-

260 2141 336 2206 nino
352 2139 530 2205 meminisse
545 2141 694 2207 debemus
703 2142 745 2219 id,
757 2142 841 2228 quod
856 2165 875 2206 a
890 2142 1003 2206 nostris
1015 2141 1194 2206 hominibus

221 2269 224 2277 ·
261 2227 440 2312 saepissime
455 2240 640 2312 usurpatum
650 2228 761 2312 jamin
772 2228 929 2314 proverbii
940 2227 1192 2292 consuetudinem

262 2313 359 2391 venit,
377 2315 723 2396 lurpitioaemfimdum
737 2335 800 2378 non
813 2316 937 2378 hahere.
985 2313 1116 2378 Etenim
1128 2313 1192 2398 quis

262 2409 367 2500 potest
381 2398 491 2462 modus
506 2421 585 2476 esse,
599 2422 696 2484 quum
712 2410 745 2464 et
757 2398 865 2479 idem⁷,
882 2400 936 2485 qui
950 2412 1153 2475 consuerunt,
1164 2409 1191 2460 et

219 2495 224 2532 ἴ
262 2484 345 2548 rdem
360 2483 440 2548 illud
455 2483 507 2548 alii
523 2485 727 2550 desiderent?

311 2569 414 2633 XVI.
441 2570 580 2635 Omnino
590 2571 651 2635 duo
666 2586 740 2635 sunt
751 2592 867 2658 genera
877 2570 1048 2670 largorum,
1066 2591 1188 2655 quorum

263 2655 352 2720 alteri
368 2656 502 2741 prodigi,
519 2656 610 2721 alteri
632 2657 794 2721 liberales:
818 2655 953 2743 prodig1‚
971 2656 1027 2741 qui
1041 2656 1141 2804 apulis
1161 2669 1188 2717 et

265 2741 521 2806 viscerationibus
547 2754 579 2807 et
604 2742 813 2830 gladiatorum
837 2741 1029 2818 muneribus,
1069 2741 1187 2805 odorum

265 2827 530 2912 venationumque
552 2839 703 2915 apparatu
726 2827 873 2914 pecunias
891 2826 1083 2913 profundunt
1097 2828 1128 2891 in
1142 2848 1187 2889 eas

265 2935 324 2990 res,
336 2935 467 2998 quarum
478 2918 660 2978 memoriam
671 2925 726 2978 aut
735 2914 861 2978 brevem
871 2924 927 2977 aut
936 2913 1056 2976 nullam
1071 2913 1186 2977 omnino

266 2998 330 3062 sint
343 2999 502 3076 relicturi3
525 3001 579 3064 56.
602 2999 749 3064 liberales
764 3013 880 3076 autem,
897 2999 950 3084 qui
967 2999 1032 3062 suis
1043 2997 1185 3063 facultati·

267 3083 326 3148 bus
337 3096 392 3149 aut
402 3097 509 3172 captos
525 3108 543 3150 a
558 3085 765 3170 praedonibus
773 3084 994 3149 redimuntaut
1002 3106 1055 3148 aes
1063 3085 1184 3148 alienun

268 3170 443 3256 suscipiunt
465 3170 645 3236 amicorum¹
661 3183 716 3236 aut
730 3172 763 3235 in
778 3171 912 3234 filiarum
927 3169 1126 3235 collocatione
1139 3169 1183 3233 ad·

264 3255 381 3340 juvant
389 3267 444 3320 aut
454 3256 647 3343 opitulantur
652 3258 701 3322 vel
712 3257 758 3321 in²
763 3280 796 3326 re
805 3255 980 3343 quaerenda
985 3255 1036 3320 vel
1045 3254 1181 3342 augenda.

268 3432 314 3491 pit.
336 3425 371 3490 (⁴)
385 3431 423 3478 Sic
432 3433 463 3478 R.
474 3434 493 3478 l.
503 3434 564 3491 et2.‚
573 3433 630 3480 item
638 3447 714 3490 meur,
754 3430 787 3492 (⁷)
801 3433 819 3479 1.
831 3446 851 3478 e.
863 3445 936 3492 quum
945 3439 969 3478 et
980 3431 1020 3490 qui
1028 3439 1179 3478 consueverunt

272 3497 385 3556 probante
403 3496 522 3556 Madvigio
539 3499 634 3558 quidem
645 3499 676 3544 ad
687 3500 714 3546 da
755 3497 798 3560 (sc.
810 3493 962 3558 desiderare).
978 3497 1040 3542 idem
1056 3496 1177 3549 deriderent,

272 3562 300 3609 F.
306 3577 328 3621 p.
334 3561 388 3609 691.
397 3577 403 3607 ι
415 3563 455 3608 red
465 3563 559 3609 defendi
569 3563 715 3624 pometiam
755 3571 779 3609 et
789 3563 852 3608 idem
862 3563 922 3609 illud
932 3561 980 3607 alii.

272 3629 392 3688 vulgatum
401 3629 716 3688 coeperintdocetblatth.ad
789 3627 853 3673 xv1.
866 3627 897 3688 (¹)
910 3625 946 3673 cf.
961 3641 1004 3682 pro
1015 3626 1076 3672 Sulla
1091 3625 1123 3670 ιθ.
1139 3627 1176 3678 56..

274 3707 307 3739 or.
321 3709 365 3755 pro
378 3693 438 3739 Mor.
459 3694 480 3738 3.
493 3693 514 3738 8.
527 3701 552 3740 et
560 3707 602 3753 pro
613 3694 666 3740 Mtt.
680 3695 718 3740 ³5.
758 3695 773 3719 ‘⁴
782 3707 821 3739 aes
837 3693 940 3738 alienum
951 3689 1049 3750 ejusdem
1058 3690 1079 3742 ,·”
1094 3699 1114 3736 et
1125 3689 1174 3748 558.

274 3759 313 3805 98.
346 3755 426 3821 (⁵)cf.
440 3758 533 3805 Sallust.
547 3758 719 3812 naamam
758 3757 838 3817 cujus,-
854 3755 1174 3814 adF.vii.³.2.‚aap1aavt·

272 3824 464 3884 otamlarginl’
497 3817 531 3885 (θ)
541 3824 560 3870 l.
568 3838 588 3870 e.
600 3824 662 3883 apud
671 3837 717 3869 eos.
757 3837 839 3869 rorum.
873 3817 1010 3881 (¹)Graev„
1025 3821 1076 3864 item
1087 3820 1173 3865 Orellr'r
