2472 4432
386 345 461 407 LiB.
484 345 505 406 1.
528 343 616 406 CAP.
631 343 678 404 43.
714 347 717 354 “
963 345 1001 404 67

39 501 208 582 nestatis,
235 504 497 589 quemadmodum
512 505 614 570 officia
637 505 834 583 ducerentur,
858 505 933 570 satis
948 529 1003 570 ex-

41 590 203 678 positum
222 590 357 654 videtur.
404 591 522 655 Eorum
548 603 653 655 autem
675 592 826 676 ipsorum,
850 613 931 676 quae
945 590 1004 655 ho-

42 689 152 742 mesta
166 686 258 752 sunt,
280 687 384 762 potest
409 677 543 741 incidere
566 699 660 762 saepe
684 676 854 740 contentiol
870 688 901 740 et
916 700 1003 741 com·

45 763 198 848 paratio,
225 762 265 825 de
289 762 410 826 duobus
433 762 572 827 honestis
596 774 701 826 utrum
731 761 911 827 honestius:
946 763 1001 849 qui

45 849 163 914 locus²
191 871 213 912 a
239 848 392 912 Panaetio
414 861 462 912 est
484 848 729 936 praetermissus.
776 848 871 927 Nam,
904 871 1003 935 quum

50 935 166 998 omnis
193 933 345 997 honestas
368 947 511 1000 maneta
535 935 677 1020 partibus
700 945 845 1019 quatuor,
869 957 1002 1020 quarum

54 1043 126 1084 una
138 1021 184 1083 sit
194 1019 409 1106 cognitionis³,
418 1021 515 1085 altera
524 1020 767 1098 communitatis,
785 1019 878 1084 tertia
892 1044 1004 1108 magn-

53 1104 254 1180 animitatis,
272 1117 381 1189 quarta
405 1095 646 1181 moderatlirnis3
669 1105 759 1169 haee⁴
778 1105 812 1169 in
835 1105 1004 1194 deligendo

55 1193 168 1255 officio
208 1213 303 1275 saepe
337 1191 418 1254 inter
454 1214 487 1255 se
523 1203 741 1277 comparentur
778 1213 905 1256 necesse
942 1204 1001 1257 est.

59 1283 138 1341 153.
158 1276 276 1341 Placet
285 1275 391 1362 igitur,
403 1277 523 1363 aptiora
531 1299 598 1341 esse
611 1289 741 1342 naturae
753 1299 789 1340 ea
800 1277 911 1355 officia,
922 1301 1005 1364 quae

56 1387 100 1428 ex
122 1362 367 1440 communitate,
391 1385 485 1448 quam
510 1386 556 1439 ea,
581 1384 662 1448 quae
687 1385 728 1426 ex
752 1363 932 1448 cognitione
946 1363 1005 1428 du·

59 1461 207 1514 eantur:
240 1447 335 1533 idque
365 1448 423 1512 hoc
452 1462 637 1535 argumento
668 1447 843 1512 confirmari
874 1463 1004 1535 potest3

60 1535 178 1620 qu0d⁵,
203 1535 231 1598 si
243 1533 326 1597 conti
352 1535 410 1597 erit
433 1557 470 1598 ea
489 1534 555 1598 vita
577 1533 721 1619 sapienti,
746 1546 782 1597 ut
806 1533 838 1596 in
864 1535 1004 1598 omnium

61 1643 172 1684 rerum
188 1557 390 1683 affluentiins
408 1620 517 1706 copiis,
537 1619 682 1704 quamvis
706 1619 821 1697 omnia,
845 1641 926 1704 quae
952 1643 1004 1684 co-

62 1707 213 1793 gnitione
223 1705 321 1790 digna
330 1717 413 1781 sunt,
425 1728 547 1769 summo
556 1705 621 1768 otio
633 1727 738 1768 secum
754 1706 820 1790 ipse
833 1704 1004 1770 consideret

63 1807 98 1855 et
114 1803 245 1856 contem
268 1791 370 1865 letur3
393 1803 506 1867 tamen,
524 1790 658 1854 solitudo
673 1790 699 1855 si
720 1803 807 1855 tanta
822 1789 872 1866 sit,
898 1800 934 1853 ut
949 1790 1005 1854 ho-

65 1877 190 1940 minem
205 1813 314 1940 videre
329 1899 390 1940 non
407 1876 515 1962 possit,
541 1877 670 1942 excedat
686 1877 791 1940 evita.
838 1875 1005 1962 Princeps-

66 1985 132 2046 que
158 1961 304 2026 omnium
330 1963 482 2026 virtutum
503 1962 558 2026 illa
584 1963 745 2048 sapientia,
771 1984 864 2047 quam
889 1969 1005 2051 σοφίαν

69 2048 191 2113 Graeci
206 2058 340 2111 vocant:
356 2047 551 2146 prudentiam
566 2049 659 2124 enirn,
683 2070 778 2132 quam
797 2048 912 2112 Graeci
927 2052 1005 2137 φρό-

68 2164 162 2211 νησιν
179 2133 301 2209 dicunt,
326 2133 419 2198 aham
435 2133 599 2218 quamdam
615 2132 841 2220 intelligimus3
861 2149 1005 2218 quaeest

67 2241 175 2283 rerum
190 2218 435 2304 expetendarum
459 2219 741 2304 fugiendarumque
757 2220 897 2284 scientia.
945 2221 1005 2284 llla

68 2319 177 2370 autem
191 2304 357 2390 sapientia,
382 2327 476 2390 quam
492 2305 662 2390 principem
679 2305 754 2382 dixi,
777 2328 881 2369 rerum
896 2317 943 2369 est
958 2306 1004 2369 di-

71 2392 218 2455 vinarum
233 2403 266 2454 et
288 2389 496 2454 humanarum
520 2390 667 2464 scientia3
692 2390 804 2475 inqua
828 2390 1006 2456 continetur

70 2477 201 2540 deorum
217 2486 250 2539 et
264 2474 427 2538 hominum
442 2477 648 2540 communitas
663 2490 695 2539 et
706 2476 837 2540 societas
852 2477 934 2542 inter
956 2477 1005 2563 ip-

71 2584 133 2626 sos.
182 2561 232 2625 Ea
247 2561 275 2624 si
289 2562 425 2624 maxima
449 2573 507 2638 est,
532 2575 567 2625 ut
592 2563 652 2637 est,
675 2560 771 2624 certe⁶
793 2584 920 2626 necesse
944 2578 1002 2641 est,

71 2645 157 2733 quod
172 2669 192 2712 a
206 2647 432 2712 communitate
455 2647 586 2711 ducatur
611 2647 758 2722 officium,
782 2646 813 2710 id
835 2670 902 2712 esse
917 2672 1006 2714 max*

72 2735 184 2796 imum.
242 2732 372 2795 Etenim
401 2732 539 2819 cognitio
562 2732 849 2818 contemplatioque
877 2747 1007 2799 naturae

72 2841 183 2884 manca
198 2818 334 2904 quodam
349 2817 441 2881 modo
455 2829 550 2903 atque
561 2817 708 2882 inchoata
716 2818 766 2894 sit,
783 2819 810 2883 si
826 2819 912 2883 nulla
923 2823 1006 2885 actio

73 2903 189 2969 rerum⁷
205 2916 427 2990 consequatur.
476 2904 524 2968 Ea
546 2915 652 2968 autem
677 2901 771 2968 actio⁸
786 2905 818 2967 in
842 2903 1005 2970 hominum

73 2990 244 3056 commodis
266 2989 391 3053 tuendis
412 2990 548 3054 maxime
570 2991 716 3055 cernitur.
765 2995 833 3053 154.
864 2991 1008 3056 Pertinet

73 3078 171 3162 igitur
187 3075 226 3140 ad
242 3075 423 3139 societatem
438 3075 561 3162 generis
586 3075 734 3140 humani:
759 3097 834 3162 ergo
854 3075 930 3140 haec
955 3100 1007 3142 co-

73 3162 210 3248 gnitioni
224 3171 299 3226 ante
323 3160 443 3224 orrenda
456 3174 522 3224 est:
545 3172 641 3245 atque
666 3161 696 3224 id
712 3161 849 3246 optimus
873 3166 1008 3249 quisque

75 3271 105 3312 re
118 3248 190 3334 ipsa
204 3183 342 3312 ostendit
364 3257 396 3310 et
410 3246 540 3332 judicat.
588 3247 670 3322 Quis
695 3248 780 3310 enim
803 3257 851 3312 est
873 3261 938 3314 tam
952 3272 1025 3313 cun

106 3379 199 3426 XLllI.
212 3374 246 3440 (¹)
258 3377 296 3423 cf.
311 3373 347 3423 17.
359 3377 397 3422 58.
409 3390 455 3436 apr.
486 3371 520 3437 (²)
560 3379 620 3422 enim
631 3377 668 3421 vel
689 3389 741 3422 nam
763 3391 890 3436 pronomen
908 3379 1005 3426 demon-

76 3444 143 3494 Cfid.
158 3446 196 3490 18.
216 3457 263 3503 spr.
297 3437 330 3502 (³)
352 3441 394 3487 Est
404 3441 521 3500 genitivus
561 3441 683 3486 strativum
696 3442 813 3488 declarat:
832 3458 853 3489 v.
870 3443 901 3489 ad
924 3443 949 3490 ii.
970 3447 1004 3490 16.

79 3524 118 3569 pro
137 3524 193 3556 casu
211 3505 381 3567 ‘appositionisr
400 3521 422 3552 v.
434 3506 520 3552 Matth.
561 3509 599 3552 56.
617 3507 655 3551 ifr.
689 3501 722 3568 (⁶)
743 3507 780 3552 lta
800 3520 861 3554 recte
883 3508 1006 3566 distinguit

77 3575 104 3620 ad
114 3589 148 3621 or.
158 3575 183 3621 r'n
197 3573 248 3620 Oct.
259 3571 283 3616 ii.
304 3573 340 3617 11.
353 3572 405 3617 21.;
424 3572 484 3618 adde
495 3571 519 3616 ii.
562 3569 634 3616 Heus.
645 3573 688 3616 :al.
696 3573 750 3617 rim.
760 3579 794 3618 est
806 3569 883 3634 (urent
891 3569 1003 3632 certe)-.

78 3647 97 3684 ³.
108 3640 144 3686 16.
156 3639 198 3684 ifr.
232 3633 265 3697 (⁴)
282 3635 320 3682 Sic
333 3637 393 3695 Reg.
404 3651 485 3682 omnes
496 3643 520 3682 et
561 3632 595 3761 ἓξ
615 3636 634 3682 1.
657 3651 678 3682 e.
696 3651 756 3696 quae
775 3636 800 3682 in
813 3639 882 3682 rebus
894 3642 1003 3680 versetur.

78 3719 153 3759 meusr
163 3704 227 3762 vulg.
239 3703 282 3748 hue
291 3717 299 3747 .·
307 3715 329 3746 v.
337 3702 367 3747 ud
377 3702 415 3747 25.
423 3702 461 3746 86.
473 3715 518 3759 spr.
573 3699 582 3730 ⁸
606 3702 641 3746 De
655 3703 753 3760 repetito
765 3700 858 3747 nomine
867 3715 887 3742 v.
896 3700 925 3743 ad
937 3697 967 3744 N.
980 3701 1002 3744 I)

80 3766 109 3830 (⁵)
121 3771 140 3818 1.
153 3785 173 3818 e.
186 3768 258 3830 quia:
270 3766 303 3813 sic
316 3780 384 3827 saepe
404 3766 522 3828 particula
556 3765 579 3812 ii.
590 3767 628 3812 53.
644 3767 695 3813 133.
729 3763 761 3826 (⁹)
782 3765 801 3810 1.
812 3778 833 3810 e.
848 3769 896 3808 tam
914 3761 1004 3822 cupide.
