2472 4432
397 379 473 440 LIB.
496 379 518 444 Ι.
541 380 632 442 CAP.
657 383 699 442 17.
974 385 1012 442 25

106 533 242 602 XVII.
267 541 327 602 53.
354 537 479 606 Gradus
500 550 607 607 autem
630 538 736 624 plures
761 530 835 606 sunt
855 539 1012 606 societatis

57 619 246 687 hominum.
302 623 353 688 Ut
374 624 457 688 enim
478 625 517 696 ab
532 624 587 690 illa
601 624 724 690 infinita
737 625 923 704 discedatur,
941 648 1013 712 pro·

56 706 127 854 pior
142 719 196 774 est
209 709 361 796 ejusdem
370 709 484 796 gentis,
495 710 640 787 nationis,
653 710 791 798 linguae,
805 734 868 797 qua
876 712 1012 778 maxime

79 793 208 858 omines
236 795 500 882 conjunguntur:
527 796 656 860 interius
681 797 776 860 etiam
799 811 848 864 est
872 797 1012 884 ejusdem

55 901 125 944 esse
141 878 306 946 civitatis.
355 881 463 948 Multa
476 882 559 946 enim
568 894 642 948 sunt
651 881 773 948 civibus
786 882 870 948 inter
880 907 913 950 se
927 906 1012 948 com·

55 965 188 1034 munia:
215 967 340 1044 forum,
357 967 439 1044 fana,
456 967 605 1054 porticus,
618 967 699 1044 viae,
717 966 814 1054 leges,
828 971 911 1054 jura,
925 969 1011 1054 judi-

57 1050 118 1128 cia,
144 1051 321 1139 suffragia,
347 1053 587 1119 consuetudines
610 1063 772 1140 praeterea
796 1065 828 1120 et
852 1055 1011 1120 familiari-

56 1147 139 1202 tates
155 1138 344 1223 multisque
356 1161 428 1202 cum
436 1139 600 1204 multisres
610 1138 809 1223 rationesque
821 1151 1011 1208 contractae.

61 1223 197 1288 Arctior
221 1247 303 1288 vero
326 1224 487 1311 colligatio
508 1236 557 1290 est
571 1224 727 1290 societatis
743 1226 1008 1327 propinquorum:

57 1306 98 1372 ab
115 1307 175 1374 illa
190 1310 286 1374 enim
299 1310 452 1374 immensa
466 1310 615 1376 societate
629 1309 759 1375 humani
793 1334 893 1376 enens
902 1314 934 1376 in
944 1313 1011 1378 exi·

58 1415 164 1540 quum
176 1408 424 1483 angustumque
434 1395 640 1461 concluditur.
683 1400 736 1461 54.
790 1419 851 1474 am,
863 1420 961 1482 quum
970 1398 1011 1462 sit

82 1501 122 1544 oe
144 1494 273 1548 natura
295 1503 460 1548 commune
475 1481 690 1559 animantium,
707 1493 743 1546 ut
757 1480 895 1548 habeant
910 1483 1011 1549 libidi-

60 1586 136 1628 nem
162 1567 368 1654 proereandi‚
385 1567 484 1668 prima
505 1568 635 1632 societas
649 1567 765 1653 inipso
780 1568 928 1655 conjugio
944 1582 1009 1645 est;

60 1652 218 1734 proxima
247 1655 283 1718 in
308 1653 415 1720 libens
427 1676 435 1729 3
468 1653 579 1718 deinde
604 1675 667 1718 una
689 1652 808 1730 domus,
834 1656 1012 1720 communia
1082 1729 1086 1738 Ι

62 1739 186 1804 omnia.
238 1739 279 1806 Id
293 1748 401 1806 autem
410 1747 456 1804 est
465 1738 653 1825 principium
668 1738 754 1804 urbis
770 1750 802 1803 et
816 1739 906 1823 quasi
919 1741 1011 1804 semi-

61 1824 195 1891 narium
219 1825 266 1890 rei
282 1824 438 1912 publicae.
472 1825 656 1910 Sequuntur
669 1825 799 1889 fratrum
815 1825 1011 1911 conjunctio-

64 1929 133 1987 nes,
185 1923 239 1978 ost
261 1911 519 1976 consobrinorum
536 1909 817 1996 sobrinorumque3
840 1910 896 1996 qui
911 1933 1009 1996 quum

65 2015 131 2060 una
170 2018 248 2062 omo
259 1997 340 2082 jaml
355 1995 424 2116 capi
437 2019 500 2060 non
515 1995 647 2082 possint,
660 1995 693 2059 in
704 1996 781 2061 alias
795 1996 914 2074 domos,
932 2008 1010 2062 tam-

68 2099 167 2164 quam
191 2084 227 2148 in
251 2082 412 2158 colonias,
436 2093 562 2147 exeunt.
610 2082 792 2167 Sequuntur
812 2083 968 2148 connubia
980 2095 1010 2148 et

68 2166 265 2244 affinitates;
289 2191 330 2232 ex
350 2167 465 2254 quibus
486 2167 583 2232 etiam
603 2167 708 2253 plures
723 2168 907 2254 propinqui:
930 2191 1011 2254 quae

68 2254 264 2342 propagatio
288 2265 320 2318 et
345 2253 471 2319 suboles
495 2252 585 2339 origo
610 2264 658 2318 est
678 2275 781 2318 rerum
803 2255 1010 2340 publicarum.

75 2337 252 2442 Sanguinis
264 2349 372 2404 autem
388 2339 568 2425 conjunctio
582 2337 627 2404 et³
640 2337 859 2404 benevolentia
873 2339 1011 2405 devincit

72 2420 219 2492 hommes
234 2426 375 2490 caritate.
419 2430 472 2490 55.
497 2425 657 2511 Magnum
671 2436 719 2488 est
733 2424 817 2490 enim
831 2425 941 2490 eadem
955 2424 1011 2490 ha·

73 2507 149 2578 bere
159 2523 369 2576 monumenta
382 2512 547 2598 majorum,
558 2508 675 2577 eisdem
690 2509 737 2573 uti
751 2509 855 2588 sacris,
869 2511 1011 2596 sepulcra

74 2592 191 2664 babere
203 2597 393 2664 communIa.
414 2596 476 2662 Sed
485 2596 624 2660 omnium
635 2594 820 2662 societatum
831 2596 1010 2682 nullaprae-

75 2685 210 2750 stantior
224 2694 283 2762 est,
294 2682 383 2746 nulla
396 2682 522 2759 firmior,
536 2703 633 2766 quam
643 2681 757 2768 quum⁴
771 2681 829 2746 viri
844 2681 929 2758 boni,
943 2705 1009 2748 mo-

75 2768 162 2836 ribus
176 2769 306 2845 similes,
316 2779 391 2835 sunt
402 2767 612 2834 familiaritate
621 2766 793 2852 conjuncti.
834 2766 918 2832 Illud
926 2767 1010 2833 enim

75 2851 349 2939 honestnm,qu0d
358 2851 1007 2939 saepedicimus,etiamsiinaliocernimus,

76 2951 184 3008 tamen
198 2962 258 3004 nos
272 2951 380 3006 movet
394 2950 489 3025 atque
509 2939 567 3017 illi,
583 2938 617 3002 irr
631 2960 696 3024 quo
710 2937 742 3002 id
757 2938 859 3004 inesse
874 2936 1007 3016 videtur,

76 3028 194 3092 amicos
209 3026 296 3091 facit.
321 3027 375 3090 56.
389 3025 434 3090 Et
442 3046 632 3110 quamquam
640 3024 742 3088 omnis
753 3024 851 3090 virtus
860 3045 916 3087 nos
925 3024 964 3088 ad
976 3046 1009 3088 se

77 3113 177 3178 allicit
191 3111 344 3196 facitque,
361 3121 398 3175 ut
412 3132 465 3176 eos
477 3110 654 3260 diliqamm,
668 3108 821 3211 inquibus
831 3108 900 3194 ipsa
908 3109 1010 3175 inesse

78 3199 232 3276 videatur,
248 3207 354 3262 tamen
362 3195 488 3283 justitia
497 3207 529 3260 et
551 3195 705 3260 'beralitas
714 3194 745 3258 1d
755 3194 890 3260 maxime
904 3195 1008 3261 efficit.

109 3351 189 3398 xvn.
200 3345 235 3411 (¹)
247 3349 284 3394 De
295 3347 414 3409 particulis
417 3346 472 3408 jam
482 3361 525 3394 non
564 3347 589 3391 ia
602 3346 670 3392 ecrit.
688 3343 704 3390 i.
724 3344 746 3390 2.
764 3344 794 3397 4..
811 3342 850 3390 ubi
867 3343 913 3388 vid.
925 3343 1009 3391 Matth.

79 3431 99 3461 v.
112 3417 247 3474 hottinger,
259 3414 290 3459 ad
309 3413 380 3460 ael).
398 3412 414 3458 i,
428 3413 465 3456 ³1.
479 3411 527 3466 67„
566 3407 600 3472 (³)
618 3411 656 3455 Sic
681 3409 762 3462 codd.;
779 3405 807 3453 cf.
824 3409 856 3454 ad
871 3407 900 3452 A.
912 3408 958 3454 xvi.
973 3410 1009 3456 lo.

83 3477 424 3542 maismacensem.
440 3483 526 3522 tomx.
567 3476 596 3522 Α.
616 3475 646 3529 6.,
668 3473 742 3520 “Hoc
759 3485 801 3533 pro
817 3470 972 3532 conjunctione
987 3479 1011 3520 et

79 3561 101 3606 p.
112 3545 168 3592 244.
203 3541 238 3606 (¹)
256 3544 277 3589 1.
294 3558 314 3589 c.
331 3549 451 3601 tamquam
467 3543 526 3588 cives
567 3539 720 3586 ὺεπενοὶιηίἱα
739 3546 817 3584 nostra
835 3537 894 3582 mibi
914 3537 1009 3583 sumsi.''

79 3611 103 3656 in
122 3609 234 3657 colonias.
268 3608 300 3654 Et
316 3608 349 3653 sic
366 3621 436 3666 saepe
453 3606 479 3652 fit
496 3607 525 3651 ab
567 3606 598 3651 At
608 3604 708 3650 Gronov.
720 3601 847 3663 conjunctio
860 3602 1010 3648 benevolentia

80 3677 151 3721 altem
161 3681 320 3736 partemanca
329 3671 483 3732 comparatio:
496 3669 524 3716 cl'.
565 3670 612 3715 dea.
629 3669 651 3714 b.
668 3675 692 3714 et
708 3671 813 3715 caritate.
847 3666 928 3711 Potest
938 3665 1009 3710 etiam

81 3740 112 3786 iii.
120 3742 140 3786 l.
148 3738 224 3794 aisa,
234 3739 370 3799 “tamquam
378 3738 402 3782 ia
408 3735 525 3796 portam?
566 3735 652 3780 leviore
669 3733 799 3780 mutatIone
817 3729 885 3776 scribi
895 3743 923 3775 ec
934 3729 1007 3774 berieu

83 3805 140 3852 adde
157 3802 277 3852 daonii.
298 3801 334 3854 17,
352 3799 525 3858 73.,37.154.,
566 3799 614 3848 deu.
631 3801 652 3845 b.
670 3814 689 3846 c.
723 3793 821 3858 (⁴)I.e.
838 3805 941 3852 eaquae
958 3798 1008 3836 tum

533 3876 554 3919 D
