<?xml version="1.0" encoding="UTF-8"?>
<!DOCTYPE html PUBLIC "-//W3C//DTD XHTML 1.0 Transitional//EN"
    "http://www.w3.org/TR/xhtml1/DTD/xhtml1-transitional.dtd">
<html xmlns="http://www.w3.org/1999/xhtml" xml:lang="en" lang="en">
 <head>
  <title>
</title>
<meta http-equiv="Content-Type" content="text/html;charset=utf-8" />
  <meta name='ocr-system' content='tesseract 3.04.00' />
  <meta name='ocr-capabilities' content='ocr_page ocr_carea ocr_par ocr_line ocrx_word'/>
</head>
<body>
  <div class='ocr_page' id='page_1' title='image "./deofficiislibri00allegoog_0034.png"; bbox 0 0 2472 4432; ppageno 0'>
   <div class='ocr_carea' id='block_1_1' title="bbox 405 487 1024 550">
    <p class='ocr_par' dir='ltr' id='par_1_1' title="bbox 405 487 1024 550">
     <span class='ocr_line' id='line_1_1' title="bbox 405 487 1024 550; baseline 0.003 -4"><span class='ocrx_word' id='word_1_1' title='bbox 405 487 481 550; x_wconf 89' lang='lat' dir='ltr'><strong>LlB.</strong></span> <span class='ocrx_word' id='word_1_2' title='bbox 502 489 526 547; x_wconf 92' lang='lat'><strong>1.</strong></span> <span class='ocrx_word' id='word_1_3' title='bbox 550 488 638 548; x_wconf 85' lang='lat' dir='ltr'><strong>CAP.</strong></span> <span class='ocrx_word' id='word_1_4' title='bbox 657 491 702 548; x_wconf 89' lang='lat'><strong>11.</strong></span> <span class='ocrx_word' id='word_1_5' title='bbox 990 494 1024 548; x_wconf 85' lang='lat'><strong>17</strong></span> 
     </span>
    </p>
   </div>
   <div class='ocr_carea' id='block_1_2' title="bbox 72 645 1026 3222">
    <p class='ocr_par' dir='ltr' id='par_1_2' title="bbox 72 645 1026 3222">
     <span class='ocr_line' id='line_1_2' title="bbox 74 645 1024 735; baseline -0.001 -20"><span class='ocrx_word' id='word_1_6' title='bbox 74 650 132 716; x_wconf 88' lang='lat' dir='ltr'><strong>sed</strong></span> <span class='ocrx_word' id='word_1_7' title='bbox 146 649 242 714; x_wconf 87' lang='lat' dir='ltr'><strong>credo</strong></span> <span class='ocrx_word' id='word_1_8' title='bbox 258 645 378 732; x_wconf 90' lang='lat' dir='ltr'><strong>aliquid</strong></span> <span class='ocrx_word' id='word_1_9' title='bbox 392 649 539 727; x_wconf 79' lang='lat' dir='ltr'><strong>secutos⁵,</strong></span> <span class='ocrx_word' id='word_1_10' title='bbox 562 671 604 735; x_wconf 95' lang='lat' dir='ltr'><strong>op</strong></span> <span class='ocrx_word' id='word_1_11' title='bbox 628 647 845 714; x_wconf 80' lang='lat' dir='ltr'><strong>ortunitatem⁶</strong></span> <span class='ocrx_word' id='word_1_12' title='bbox 859 648 921 712; x_wconf 89' lang='lat' dir='ltr'><strong>loci</strong></span> <span class='ocrx_word' id='word_1_13' title='bbox 936 671 1024 714; x_wconf 83' lang='lat' dir='ltr'><strong>max-</strong></span> 
     </span>
     <span class='ocr_line' id='line_1_3' title="bbox 73 671 1025 820; baseline -0.001 -20"><span class='ocrx_word' id='word_1_14' title='bbox 73 737 149 814; x_wconf 87' lang='lat' dir='ltr'><strong>ime,</strong></span> <span class='ocrx_word' id='word_1_15' title='bbox 165 759 209 800; x_wconf 89' lang='lat' dir='ltr'><strong>ne</strong></span> <span class='ocrx_word' id='word_1_16' title='bbox 225 745 336 820; x_wconf 92' lang='lat' dir='ltr'><strong>posset</strong></span> <span class='ocrx_word' id='word_1_17' title='bbox 350 733 389 798; x_wconf 83' lang='lat' dir='ltr'><strong>ali</strong></span> <span class='ocrx_word' id='word_1_18' title='bbox 412 735 515 800; x_wconf 89' lang='lat' dir='ltr'><strong>uando</strong></span> <span class='ocrx_word' id='word_1_19' title='bbox 542 735 583 799; x_wconf 89' lang='lat' dir='ltr'><strong>ad</strong></span> <span class='ocrx_word' id='word_1_20' title='bbox 605 671 732 799; x_wconf 77' lang='lat' dir='ltr'><strong>bellum</strong></span> <span class='ocrx_word' id='word_1_21' title='bbox 746 733 923 798; x_wconf 90' lang='lat' dir='ltr'><strong>faciendum</strong></span> <span class='ocrx_word' id='word_1_22' title='bbox 937 731 1025 799; x_wconf 90' lang='lat' dir='ltr'><strong>locus</strong></span> 
     </span>
     <span class='ocr_line' id='line_1_4' title="bbox 74 820 1023 908; baseline 0.001 -23"><span class='ocrx_word' id='word_1_23' title='bbox 74 823 145 908; x_wconf 90' lang='lat' dir='ltr'><strong>ipse</strong></span> <span class='ocrx_word' id='word_1_24' title='bbox 171 820 345 886; x_wconf 85' lang='lat' dir='ltr'><strong>adhortari.</strong></span> <span class='ocrx_word' id='word_1_25' title='bbox 436 821 622 906; x_wconf 80' lang='lat' dir='ltr'><strong>ecquidem</strong></span> <span class='ocrx_word' id='word_1_26' title='bbox 648 820 803 885; x_wconf 88' lang='lat' dir='ltr'><strong>sententia</strong></span> <span class='ocrx_word' id='word_1_27' title='bbox 830 821 911 906; x_wconf 88' lang='lat' dir='ltr'><strong>paci,</strong></span> <span class='ocrx_word' id='word_1_28' title='bbox 943 843 1023 906; x_wconf 86' lang='lat' dir='ltr'><strong>quae</strong></span> 
     </span>
     <span class='ocr_line' id='line_1_5' title="bbox 76 905 1022 991; baseline 0.002 -21"><span class='ocrx_word' id='word_1_29' title='bbox 76 907 158 972; x_wconf 88' lang='lat' dir='ltr'>nihil</span> <span class='ocrx_word' id='word_1_30' title='bbox 173 907 326 971; x_wconf 90' lang='lat' dir='ltr'><strong>habitura</strong></span> <span class='ocrx_word' id='word_1_31' title='bbox 338 905 379 970; x_wconf 90' lang='lat' dir='ltr'><strong>sit</strong></span> <span class='ocrx_word' id='word_1_32' title='bbox 387 906 580 984; x_wconf 90' lang='lat' dir='ltr'><strong>insidiarum,</strong></span> <span class='ocrx_word' id='word_1_33' title='bbox 593 929 716 991; x_wconf 86' lang='lat' dir='ltr'><strong>semper</strong></span> <span class='ocrx_word' id='word_1_34' title='bbox 726 917 774 970; x_wconf 90' lang='lat' dir='ltr'><strong>est</strong></span> <span class='ocrx_word' id='word_1_35' title='bbox 784 906 1022 972; x_wconf 85' lang='lat' dir='ltr'><strong>consulendum.</strong></span> 
     </span>
     <span class='ocr_line' id='line_1_6' title="bbox 80 991 1021 1078; baseline 0 -21"><span class='ocrx_word' id='word_1_36' title='bbox 80 994 121 1058; x_wconf 91' lang='lat' dir='ltr'><strong>ln</strong></span> <span class='ocrx_word' id='word_1_37' title='bbox 159 1016 203 1057; x_wconf 90' lang='lat' dir='ltr'><strong>uo</strong></span> <span class='ocrx_word' id='word_1_38' title='bbox 219 993 246 1056; x_wconf 90' lang='lat' dir='ltr'><strong>si</strong></span> <span class='ocrx_word' id='word_1_39' title='bbox 261 991 344 1054; x_wconf 92' lang='lat' dir='ltr'><strong>mihi</strong></span> <span class='ocrx_word' id='word_1_40' title='bbox 362 1003 444 1057; x_wconf 88' lang='lat' dir='ltr'><strong>esset</strong></span> <span class='ocrx_word' id='word_1_41' title='bbox 458 994 721 1078; x_wconf 84' lang='lat' dir='ltr'>obtemperatum,</span> <span class='ocrx_word' id='word_1_42' title='bbox 739 992 765 1055; x_wconf 91' lang='lat' dir='ltr'><strong>si</strong></span> <span class='ocrx_word' id='word_1_43' title='bbox 780 1015 844 1055; x_wconf 94' lang='lat' dir='ltr'><strong>non</strong></span> <span class='ocrx_word' id='word_1_44' title='bbox 859 991 1021 1077; x_wconf 85' lang='lat' dir='ltr'><strong>optimam,</strong></span> 
     </span>
     <span class='ocr_line' id='line_1_7' title="bbox 75 1078 1024 1164; baseline 0 -20"><span class='ocrx_word' id='word_1_45' title='bbox 75 1090 111 1144; x_wconf 86' lang='lat' dir='ltr'><strong>at</strong></span> <span class='ocrx_word' id='word_1_46' title='bbox 156 1080 267 1164; x_wconf 90' lang='lat' dir='ltr'><strong>iquam</strong></span> <span class='ocrx_word' id='word_1_47' title='bbox 282 1100 350 1140; x_wconf 90' lang='lat' dir='ltr'><strong>rem</strong></span> <span class='ocrx_word' id='word_1_48' title='bbox 363 1078 534 1164; x_wconf 85' lang='lat' dir='ltr'><strong>publicam,</strong></span> <span class='ocrx_word' id='word_1_49' title='bbox 561 1100 642 1163; x_wconf 86' lang='lat' dir='ltr'><strong>quae</strong></span> <span class='ocrx_word' id='word_1_50' title='bbox 665 1099 751 1141; x_wconf 88' lang='lat' dir='ltr'><strong>nunc</strong></span> <span class='ocrx_word' id='word_1_51' title='bbox 774 1078 861 1143; x_wconf 89' lang='lat' dir='ltr'><strong>nulla</strong></span> <span class='ocrx_word' id='word_1_52' title='bbox 884 1089 941 1156; x_wconf 93' lang='lat' dir='ltr'><strong>est,</strong></span> <span class='ocrx_word' id='word_1_53' title='bbox 969 1078 1024 1144; x_wconf 90' lang='lat' dir='ltr'><strong>ha-</strong></span> 
     </span>
     <span class='ocr_line' id='line_1_8' title="bbox 77 1163 1024 1249; baseline -0.001 -20"><span class='ocrx_word' id='word_1_54' title='bbox 77 1166 239 1230; x_wconf 89' lang='lat' dir='ltr'><strong>beremus.</strong></span> <span class='ocrx_word' id='word_1_55' title='bbox 288 1163 344 1240; x_wconf 87' lang='lat' dir='ltr'><strong>Et,</strong></span> <span class='ocrx_word' id='word_1_56' title='bbox 362 1186 460 1248; x_wconf 93' lang='lat' dir='ltr'><strong>quum</strong></span> <span class='ocrx_word' id='word_1_57' title='bbox 474 1165 522 1242; x_wconf 92' lang='lat' dir='ltr'><strong>iis,</strong></span> <span class='ocrx_word' id='word_1_58' title='bbox 538 1187 618 1249; x_wconf 91' lang='lat' dir='ltr'><strong>quos</strong></span> <span class='ocrx_word' id='word_1_59' title='bbox 634 1163 666 1229; x_wconf 93' lang='lat' dir='ltr'><strong>vi</strong></span> <span class='ocrx_word' id='word_1_60' title='bbox 682 1163 842 1242; x_wconf 85' lang='lat' dir='ltr'><strong>deviceris,</strong></span> <span class='ocrx_word' id='word_1_61' title='bbox 859 1164 1024 1228; x_wconf 89' lang='lat' dir='ltr'><strong>consulen-</strong></span> 
     </span>
     <span class='ocr_line' id='line_1_9' title="bbox 77 1248 1024 1336; baseline 0 -22"><span class='ocrx_word' id='word_1_62' title='bbox 77 1251 155 1314; x_wconf 91' lang='lat' dir='ltr'><strong>dum</strong></span> <span class='ocrx_word' id='word_1_63' title='bbox 169 1261 230 1329; x_wconf 89' lang='lat' dir='ltr'><strong>cst,</strong></span> <span class='ocrx_word' id='word_1_64' title='bbox 259 1260 328 1313; x_wconf 90' lang='lat' dir='ltr'><strong>turn</strong></span> <span class='ocrx_word' id='word_1_65' title='bbox 350 1249 383 1327; x_wconf 96' lang='lat' dir='ltr'><strong>ii,</strong></span> <span class='ocrx_word' id='word_1_66' title='bbox 401 1249 456 1334; x_wconf 91' lang='lat' dir='ltr'><strong>qui</strong></span> <span class='ocrx_word' id='word_1_67' title='bbox 480 1251 574 1314; x_wconf 87' lang='lat' dir='ltr'><strong>armis</strong></span> <span class='ocrx_word' id='word_1_68' title='bbox 599 1248 711 1336; x_wconf 88' lang='lat' dir='ltr'><strong>positis</strong></span> <span class='ocrx_word' id='word_1_69' title='bbox 735 1249 774 1313; x_wconf 90' lang='lat' dir='ltr'><strong>ad</strong></span> <span class='ocrx_word' id='word_1_70' title='bbox 797 1249 1024 1335; x_wconf 89' lang='lat' dir='ltr'><strong>imperatorum</strong></span> 
     </span>
     <span class='ocr_line' id='line_1_10' title="bbox 77 1335 1021 1422; baseline 0.001 -22"><span class='ocrx_word' id='word_1_71' title='bbox 77 1336 174 1400; x_wconf 88' lang='lat' dir='ltr'><strong>fidem</strong></span> <span class='ocrx_word' id='word_1_72' title='bbox 190 1335 388 1422; x_wconf 82' lang='lat' dir='ltr'><strong>confugient,</strong></span> <span class='ocrx_word' id='word_1_73' title='bbox 405 1335 560 1420; x_wconf 86' lang='lat' dir='ltr'><strong>quamvis⁷</strong></span> <span class='ocrx_word' id='word_1_74' title='bbox 583 1357 709 1399; x_wconf 87' lang='lat' dir='ltr'><strong>murum</strong></span> <span class='ocrx_word' id='word_1_75' title='bbox 724 1335 802 1400; x_wconf 88' lang='lat' dir='ltr'><strong>aries</strong></span> <span class='ocrx_word' id='word_1_76' title='bbox 823 1336 1021 1421; x_wconf 90' lang='lat' dir='ltr'><strong>percusserit,</strong></span> 
     </span>
     <span class='ocr_line' id='line_1_11' title="bbox 78 1421 1024 1508; baseline 0.002 -24"><span class='ocrx_word' id='word_1_77' title='bbox 78 1421 253 1508; x_wconf 88' lang='lat' dir='ltr'><strong>recipiendi</strong></span> <span class='ocrx_word' id='word_1_78' title='bbox 269 1431 355 1484; x_wconf 90' lang='lat' dir='ltr'><strong>sunt.</strong></span> <span class='ocrx_word' id='word_1_79' title='bbox 403 1421 443 1484; x_wconf 92' lang='lat' dir='ltr'><strong>ln</strong></span> <span class='ocrx_word' id='word_1_80' title='bbox 458 1444 521 1506; x_wconf 94' lang='lat' dir='ltr'><strong>quo</strong></span> <span class='ocrx_word' id='word_1_81' title='bbox 544 1433 634 1486; x_wconf 88' lang='lat' dir='ltr'><strong>tanto</strong></span> <span class='ocrx_word' id='word_1_82' title='bbox 663 1443 758 1506; x_wconf 88' lang='lat' dir='ltr'><strong>opere</strong></span> <span class='ocrx_word' id='word_1_83' title='bbox 787 1421 871 1506; x_wconf 90' lang='lat' dir='ltr'><strong>apud</strong></span> <span class='ocrx_word' id='word_1_84' title='bbox 901 1433 1024 1486; x_wconf 89' lang='lat' dir='ltr'><strong>nostros</strong></span> 
     </span>
     <span class='ocr_line' id='line_1_12' title="bbox 72 1507 1024 1594; baseline 0 -22"><span class='ocrx_word' id='word_1_85' title='bbox 72 1508 205 1594; x_wconf 86' lang='lat' dir='ltr'><strong>justitia</strong></span> <span class='ocrx_word' id='word_1_86' title='bbox 219 1507 308 1571; x_wconf 90' lang='lat' dir='ltr'><strong>culta</strong></span> <span class='ocrx_word' id='word_1_87' title='bbox 323 1517 381 1584; x_wconf 89' lang='lat' dir='ltr'><strong>est,</strong></span> <span class='ocrx_word' id='word_1_88' title='bbox 400 1518 436 1572; x_wconf 92' lang='lat' dir='ltr'><strong>ut</strong></span> <span class='ocrx_word' id='word_1_89' title='bbox 449 1507 482 1585; x_wconf 92' lang='lat' dir='ltr'><strong>ii,</strong></span> <span class='ocrx_word' id='word_1_90' title='bbox 501 1509 556 1594; x_wconf 88' lang='lat' dir='ltr'><strong>qui</strong></span> <span class='ocrx_word' id='word_1_91' title='bbox 570 1507 713 1572; x_wconf 87' lang='lat' dir='ltr'><strong>civitates</strong></span> <span class='ocrx_word' id='word_1_92' title='bbox 728 1518 784 1571; x_wconf 88' lang='lat' dir='ltr'><strong>aut</strong></span> <span class='ocrx_word' id='word_1_93' title='bbox 807 1507 951 1572; x_wconf 90' lang='lat' dir='ltr'><strong>nationes</strong></span> <span class='ocrx_word' id='word_1_94' title='bbox 971 1507 1024 1572; x_wconf 90' lang='lat' dir='ltr'><strong>de-</strong></span> 
     </span>
     <span class='ocr_line' id='line_1_13' title="bbox 78 1591 1024 1678; baseline 0.001 -21"><span class='ocrx_word' id='word_1_95' title='bbox 78 1594 182 1658; x_wconf 90' lang='lat' dir='ltr'><strong>victas</strong></span> <span class='ocrx_word' id='word_1_96' title='bbox 197 1593 285 1658; x_wconf 92' lang='lat' dir='ltr'><strong>bello</strong></span> <span class='ocrx_word' id='word_1_97' title='bbox 300 1591 435 1656; x_wconf 82' lang='lat' dir='ltr'><strong>infidam</strong></span> <span class='ocrx_word' id='word_1_98' title='bbox 446 1593 645 1678; x_wconf 84' lang='lat' dir='ltr'><strong>recepissent,</strong></span> <span class='ocrx_word' id='word_1_99' title='bbox 663 1615 771 1656; x_wconf 86' lang='lat' dir='ltr'><strong>earum</strong></span> <span class='ocrx_word' id='word_1_100' title='bbox 782 1594 905 1678; x_wconf 88' lang='lat' dir='ltr'><strong>patroni</strong></span> <span class='ocrx_word' id='word_1_101' title='bbox 920 1605 1024 1658; x_wconf 83' lang='lat' dir='ltr'><strong>essent</strong></span> 
     </span>
     <span class='ocr_line' id='line_1_14' title="bbox 79 1677 1025 1765; baseline 0 -23"><span class='ocrx_word' id='word_1_102' title='bbox 79 1702 168 1743; x_wconf 92' lang='lat' dir='ltr'><strong>more</strong></span> <span class='ocrx_word' id='word_1_103' title='bbox 182 1680 351 1764; x_wconf 86' lang='lat' dir='ltr'><strong>majorum.</strong></span> <span class='ocrx_word' id='word_1_104' title='bbox 397 1681 448 1744; x_wconf 89' lang='lat'><strong>36.</strong></span> <span class='ocrx_word' id='word_1_105' title='bbox 474 1680 523 1744; x_wconf 88' lang='lat' dir='ltr'><strong>Ac</strong></span> <span class='ocrx_word' id='word_1_106' title='bbox 537 1679 612 1743; x_wconf 91' lang='lat' dir='ltr'><strong>belli</strong></span> <span class='ocrx_word' id='word_1_107' title='bbox 637 1677 764 1765; x_wconf 90' lang='lat' dir='ltr'><strong>quidem</strong></span> <span class='ocrx_word' id='word_1_108' title='bbox 779 1679 920 1764; x_wconf 88' lang='lat' dir='ltr'><strong>aequitas</strong></span> <span class='ocrx_word' id='word_1_109' title='bbox 936 1702 1025 1743; x_wconf 89' lang='lat' dir='ltr'><strong>sanc-</strong></span> 
     </span>
     <span class='ocr_line' id='line_1_15' title="bbox 78 1762 1025 1850; baseline 0 -22"><span class='ocrx_word' id='word_1_110' title='bbox 78 1766 202 1830; x_wconf 90' lang='lat' dir='ltr'><strong>tissime</strong></span> <span class='ocrx_word' id='word_1_111' title='bbox 216 1763 315 1828; x_wconf 85' lang='lat' dir='ltr'><strong>fetiali</strong></span> <span class='ocrx_word' id='word_1_112' title='bbox 329 1765 439 1850; x_wconf 91' lang='lat' dir='ltr'><strong>populi</strong></span> <span class='ocrx_word' id='word_1_113' title='bbox 454 1765 590 1828; x_wconf 89' lang='lat' dir='ltr'><strong>Rornani</strong></span> <span class='ocrx_word' id='word_1_114' title='bbox 600 1767 672 1850; x_wconf 89' lang='lat' dir='ltr'><strong>jure</strong></span> <span class='ocrx_word' id='word_1_115' title='bbox 687 1762 859 1849; x_wconf 88' lang='lat' dir='ltr'><strong>perscripta</strong></span> <span class='ocrx_word' id='word_1_116' title='bbox 875 1775 931 1828; x_wconf 77' lang='lat' dir='ltr'><strong>est,</strong></span> <span class='ocrx_word' id='word_1_117' title='bbox 973 1763 1025 1828; x_wconf 86' lang='lat' dir='ltr'><strong>Ex</strong></span> 
     </span>
     <span class='ocr_line' id='line_1_16' title="bbox 78 1850 1024 1936; baseline 0 -22"><span class='ocrx_word' id='word_1_118' title='bbox 78 1874 146 1936; x_wconf 90' lang='lat' dir='ltr'><strong>quo</strong></span> <span class='ocrx_word' id='word_1_119' title='bbox 160 1850 302 1936; x_wconf 86' lang='lat' dir='ltr'><strong>intelligi</strong></span> <span class='ocrx_word' id='word_1_120' title='bbox 311 1860 431 1934; x_wconf 87' lang='lat' dir='ltr'><strong>potest,</strong></span> <span class='ocrx_word' id='word_1_121' title='bbox 449 1850 572 1914; x_wconf 91' lang='lat' dir='ltr'><strong>nullum</strong></span> <span class='ocrx_word' id='word_1_122' title='bbox 585 1850 704 1915; x_wconf 90' lang='lat' dir='ltr'><strong>bellum</strong></span> <span class='ocrx_word' id='word_1_123' title='bbox 721 1871 789 1914; x_wconf 89' lang='lat' dir='ltr'><strong>esse</strong></span> <span class='ocrx_word' id='word_1_124' title='bbox 799 1851 935 1934; x_wconf 86' lang='lat' dir='ltr'><strong>justum,</strong></span> <span class='ocrx_word' id='word_1_125' title='bbox 964 1851 1024 1914; x_wconf 88' lang='lat' dir='ltr'><strong>nisi</strong></span> 
     </span>
     <span class='ocr_line' id='line_1_17' title="bbox 81 1934 1025 2036; baseline 0 -36"><span class='ocrx_word' id='word_1_126' title='bbox 81 1936 168 2022; x_wconf 92' lang='lat' dir='ltr'><strong>quod</strong></span> <span class='ocrx_word' id='word_1_127' title='bbox 183 1935 345 2000; x_wconf 85' lang='lat' dir='ltr'><strong>aut-rebus</strong></span> <span class='ocrx_word' id='word_1_128' title='bbox 356 1936 497 2022; x_wconf 88' lang='lat' dir='ltr'><strong>repetitis</strong></span> <span class='ocrx_word' id='word_1_129' title='bbox 509 1948 638 2036; x_wconf 79' lang='lat' dir='ltr'><strong>geratur</strong></span> <span class='ocrx_word' id='word_1_130' title='bbox 646 1946 702 2000; x_wconf 87' lang='lat' dir='ltr'><strong>aut</strong></span> <span class='ocrx_word' id='word_1_131' title='bbox 716 1934 936 2004; x_wconf 89' lang='lat' dir='ltr'><strong>denuntiatum</strong></span> <span class='ocrx_word' id='word_1_132' title='bbox 951 1948 1025 2001; x_wconf 88' lang='lat' dir='ltr'><strong>ante</strong></span> 
     </span>
     <span class='ocr_line' id='line_1_18' title="bbox 79 2019 1024 2108; baseline 0 -22"><span class='ocrx_word' id='word_1_133' title='bbox 79 2025 122 2087; x_wconf 89' lang='lat' dir='ltr'><strong>sit</strong></span> <span class='ocrx_word' id='word_1_134' title='bbox 142 2033 175 2086; x_wconf 89' lang='lat' dir='ltr'><strong>et</strong></span> <span class='ocrx_word' id='word_1_135' title='bbox 200 2021 364 2086; x_wconf 91' lang='lat' dir='ltr'><strong>indictum.</strong></span> <span class='ocrx_word' id='word_1_136' title='bbox 423 2019 578 2108; x_wconf 83' lang='lat' dir='ltr'><strong>Popilrus⁸</strong></span> <span class='ocrx_word' id='word_1_137' title='bbox 602 2022 771 2106; x_wconf 88' lang='lat' dir='ltr'><strong>imperator</strong></span> <span class='ocrx_word' id='word_1_138' title='bbox 800 2022 927 2086; x_wconf 89' lang='lat' dir='ltr'><strong>tenebat</strong></span> <span class='ocrx_word' id='word_1_139' title='bbox 952 2045 1024 2107; x_wconf 88' lang='lat' dir='ltr'><strong>pro-</strong></span> 
     </span>
     <span class='ocr_line' id='line_1_19' title="bbox 80 2107 1024 2193; baseline 0.004 -23"><span class='ocrx_word' id='word_1_140' title='bbox 80 2107 228 2185; x_wconf 91' lang='lat' dir='ltr'><strong>vinciam,</strong></span> <span class='ocrx_word' id='word_1_141' title='bbox 242 2107 276 2170; x_wconf 92' lang='lat' dir='ltr'><strong>in</strong></span> <span class='ocrx_word' id='word_1_142' title='bbox 292 2108 381 2193; x_wconf 88' lang='lat' dir='ltr'><strong>cujus</strong></span> <span class='ocrx_word' id='word_1_143' title='bbox 396 2108 536 2174; x_wconf 86' lang='lat' dir='ltr'><strong>exercitu</strong></span> <span class='ocrx_word' id='word_1_144' title='bbox 549 2107 680 2173; x_wconf 86' lang='lat' dir='ltr'><strong>Catonis</strong></span> <span class='ocrx_word' id='word_1_145' title='bbox 692 2107 776 2170; x_wconf 89' lang='lat' dir='ltr'><strong>filius</strong></span> <span class='ocrx_word' id='word_1_146' title='bbox 786 2107 845 2171; x_wconf 92' lang='lat' dir='ltr'><strong>tiro</strong></span> <span class='ocrx_word' id='word_1_147' title='bbox 857 2107 1024 2175; x_wconf 90' lang='lat' dir='ltr'><strong>militabat.</strong></span> 
     </span>
     <span class='ocr_line' id='line_1_20' title="bbox 84 2193 1024 2279; baseline 0 -22"><span class='ocrx_word' id='word_1_148' title='bbox 84 2195 197 2268; x_wconf 84' lang='lat' dir='ltr'><strong>Quum</strong></span> <span class='ocrx_word' id='word_1_149' title='bbox 211 2204 320 2257; x_wconf 91' lang='lat' dir='ltr'><strong>autem</strong></span> <span class='ocrx_word' id='word_1_150' title='bbox 336 2193 462 2279; x_wconf 90' lang='lat' dir='ltr'><strong>Popilio</strong></span> <span class='ocrx_word' id='word_1_151' title='bbox 486 2194 645 2258; x_wconf 82' lang='lat' dir='ltr'><strong>videretur</strong></span> <span class='ocrx_word' id='word_1_152' title='bbox 673 2215 769 2256; x_wconf 90' lang='lat' dir='ltr'><strong>unam</strong></span> <span class='ocrx_word' id='word_1_153' title='bbox 795 2193 951 2258; x_wconf 86' lang='lat' dir='ltr'><strong>dimittere</strong></span> <span class='ocrx_word' id='word_1_154' title='bbox 980 2195 1024 2257; x_wconf 92' lang='lat' dir='ltr'><strong>le-</strong></span> 
     </span>
     <span class='ocr_line' id='line_1_21' title="bbox 80 2264 1024 2366; baseline 0.001 -23"><span class='ocrx_word' id='word_1_155' title='bbox 80 2280 220 2366; x_wconf 85' lang='lat' dir='ltr'><strong>gionem,</strong></span> <span class='ocrx_word' id='word_1_156' title='bbox 242 2279 374 2344; x_wconf 89' lang='lat' dir='ltr'><strong>Catonis</strong></span> <span class='ocrx_word' id='word_1_157' title='bbox 385 2302 513 2366; x_wconf 91' lang='lat' dir='ltr'><strong>quoque</strong></span> <span class='ocrx_word' id='word_1_158' title='bbox 527 2279 637 2356; x_wconf 91' lang='lat' dir='ltr'><strong>filium,</strong></span> <span class='ocrx_word' id='word_1_159' title='bbox 656 2264 759 2364; x_wconf 90' lang='lat' dir='ltr'><strong>quiin</strong></span> <span class='ocrx_word' id='word_1_160' title='bbox 774 2278 884 2342; x_wconf 90' lang='lat' dir='ltr'><strong>eadem</strong></span> <span class='ocrx_word' id='word_1_161' title='bbox 899 2279 1024 2365; x_wconf 86' lang='lat' dir='ltr'><strong>legione</strong></span> 
     </span>
     <span class='ocr_line' id='line_1_22' title="bbox 80 2363 1024 2452; baseline -0.002 -22"><span class='ocrx_word' id='word_1_162' title='bbox 80 2365 251 2441; x_wconf 83' lang='lat' dir='ltr'><strong>militabat,</strong></span> <span class='ocrx_word' id='word_1_163' title='bbox 270 2364 397 2430; x_wconf 87' lang='lat' dir='ltr'><strong>dimisit.</strong></span> <span class='ocrx_word' id='word_1_164' title='bbox 448 2365 520 2443; x_wconf 85' lang='lat' dir='ltr'><strong>Sed,</strong></span> <span class='ocrx_word' id='word_1_165' title='bbox 546 2386 645 2452; x_wconf 93' lang='lat' dir='ltr'><strong>quum</strong></span> <span class='ocrx_word' id='word_1_166' title='bbox 670 2385 774 2428; x_wconf 89' lang='lat' dir='ltr'><strong>amore</strong></span> <span class='ocrx_word' id='word_1_167' title='bbox 803 2363 968 2450; x_wconf 84' lang='lat' dir='ltr'><strong>pugnandi</strong></span> <span class='ocrx_word' id='word_1_168' title='bbox 990 2365 1024 2428; x_wconf 92' lang='lat' dir='ltr'><strong>in</strong></span> 
     </span>
     <span class='ocr_line' id='line_1_23' title="bbox 80 2449 1021 2537; baseline -0.002 -21"><span class='ocrx_word' id='word_1_169' title='bbox 80 2450 224 2516; x_wconf 81' lang='lat' dir='ltr'><strong>exercitu</strong></span> <span class='ocrx_word' id='word_1_170' title='bbox 249 2451 459 2530; x_wconf 86' lang='lat' dir='ltr'><strong>remansisset,</strong></span> <span class='ocrx_word' id='word_1_171' title='bbox 478 2453 560 2517; x_wconf 87' lang='lat' dir='ltr'><strong>Cato</strong></span> <span class='ocrx_word' id='word_1_172' title='bbox 575 2450 615 2514; x_wconf 91' lang='lat' dir='ltr'><strong>ad</strong></span> <span class='ocrx_word' id='word_1_173' title='bbox 632 2449 792 2535; x_wconf 92' lang='lat' dir='ltr'><strong>Popilium</strong></span> <span class='ocrx_word' id='word_1_174' title='bbox 815 2451 950 2537; x_wconf 87' lang='lat' dir='ltr'><strong>scripsit,</strong></span> <span class='ocrx_word' id='word_1_175' title='bbox 975 2465 1021 2528; x_wconf 92' lang='lat' dir='ltr'><strong>ut,</strong></span> 
     </span>
     <span class='ocr_line' id='line_1_24' title="bbox 82 2535 1024 2613; baseline -0.002 -12"><span class='ocrx_word' id='word_1_176' title='bbox 82 2538 108 2601; x_wconf 91' lang='lat' dir='ltr'><strong>si</strong></span> <span class='ocrx_word' id='word_1_177' title='bbox 123 2558 198 2601; x_wconf 89' lang='lat' dir='ltr'><strong>eum</strong></span> <span class='ocrx_word' id='word_1_178' title='bbox 236 2546 375 2600; x_wconf 86' lang='lat' dir='ltr'><strong>ateretur</strong></span> <span class='ocrx_word' id='word_1_179' title='bbox 388 2537 421 2600; x_wconf 93' lang='lat' dir='ltr'><strong>in</strong></span> <span class='ocrx_word' id='word_1_180' title='bbox 442 2537 583 2602; x_wconf 90' lang='lat' dir='ltr'><strong>exercitu</strong></span> <span class='ocrx_word' id='word_1_181' title='bbox 605 2557 774 2613; x_wconf 89' lang='lat' dir='ltr'><strong>remanere,</strong></span> <span class='ocrx_word' id='word_1_182' title='bbox 798 2535 935 2600; x_wconf 89' lang='lat' dir='ltr'><strong>secundo</strong></span> <span class='ocrx_word' id='word_1_183' title='bbox 951 2559 1024 2600; x_wconf 93' lang='lat' dir='ltr'><strong>eum</strong></span> 
     </span>
     <span class='ocr_line' id='line_1_25' title="bbox 82 2620 1021 2709; baseline 0 -23"><span class='ocrx_word' id='word_1_184' title='bbox 82 2623 205 2709; x_wconf 84' lang='lat' dir='ltr'><strong>obliget</strong></span> <span class='ocrx_word' id='word_1_185' title='bbox 242 2621 374 2686; x_wconf 84' lang='lat' dir='ltr'><strong>militiae</strong></span> <span class='ocrx_word' id='word_1_186' title='bbox 399 2634 611 2698; x_wconf 85' lang='lat' dir='ltr'><strong>sacrament03</strong></span> <span class='ocrx_word' id='word_1_187' title='bbox 633 2620 719 2706; x_wconf 88' lang='lat' dir='ltr'><strong>quia,</strong></span> <span class='ocrx_word' id='word_1_188' title='bbox 744 2621 872 2706; x_wconf 87' lang='lat' dir='ltr'><strong>priore¹⁰</strong></span> <span class='ocrx_word' id='word_1_189' title='bbox 897 2623 1021 2700; x_wconf 90' lang='lat' dir='ltr'><strong>amisso,</strong></span> 
     </span>
     <span class='ocr_line' id='line_1_26' title="bbox 78 2704 1024 2796; baseline -0.001 -24"><span class='ocrx_word' id='word_1_190' title='bbox 78 2710 151 2795; x_wconf 88' lang='lat' dir='ltr'><strong>jure</strong></span> <span class='ocrx_word' id='word_1_191' title='bbox 166 2729 242 2770; x_wconf 93' lang='lat' dir='ltr'><strong>cum</strong></span> <span class='ocrx_word' id='word_1_192' title='bbox 256 2704 400 2772; x_wconf 91' lang='lat' dir='ltr'><strong>hostibus</strong></span> <span class='ocrx_word' id='word_1_193' title='bbox 415 2731 556 2796; x_wconf 87' lang='lat' dir='ltr'><strong>pugnare</strong></span> <span class='ocrx_word' id='word_1_194' title='bbox 576 2729 639 2770; x_wconf 93' lang='lat' dir='ltr'><strong>non</strong></span> <span class='ocrx_word' id='word_1_195' title='bbox 655 2717 788 2791; x_wconf 88' lang='lat' dir='ltr'><strong>poterat.</strong></span> <span class='ocrx_word' id='word_1_196' title='bbox 833 2709 886 2774; x_wconf 74' lang='lat'><strong>37.</strong></span> <span class='ocrx_word' id='word_1_197' title='bbox 910 2708 1024 2773; x_wconf 85' lang='lat' dir='ltr'><strong>Adeo¹¹</strong></span> 
     </span>
     <span class='ocr_line' id='line_1_27' title="bbox 82 2790 1025 2880; baseline 0 -22"><span class='ocrx_word' id='word_1_198' title='bbox 82 2815 206 2858; x_wconf 86' lang='lat' dir='ltr'><strong>summa</strong></span> <span class='ocrx_word' id='word_1_199' title='bbox 220 2804 289 2856; x_wconf 88' lang='lat' dir='ltr'><strong>erat</strong></span> <span class='ocrx_word' id='word_1_200' title='bbox 303 2793 480 2858; x_wconf 89' lang='lat' dir='ltr'><strong>observatio</strong></span> <span class='ocrx_word' id='word_1_201' title='bbox 488 2794 522 2857; x_wconf 92' lang='lat' dir='ltr'><strong>in</strong></span> <span class='ocrx_word' id='word_1_202' title='bbox 533 2793 618 2857; x_wconf 94' lang='lat' dir='ltr'><strong>bello</strong></span> <span class='ocrx_word' id='word_1_203' title='bbox 629 2790 819 2858; x_wconf 77' lang='lat' dir='ltr'><strong>movendo¹².</strong></span> <span class='ocrx_word' id='word_1_204' title='bbox 869 2793 944 2858; x_wconf 84' lang='lat' dir='ltr'><strong>M.¹³</strong></span> <span class='ocrx_word' id='word_1_205' title='bbox 954 2795 1025 2880; x_wconf 91' lang='lat' dir='ltr'><strong>qui·</strong></span> 
     </span>
     <span class='ocr_line' id='line_1_28' title="bbox 81 2877 1025 2967; baseline 0.001 -23"><span class='ocrx_word' id='word_1_206' title='bbox 81 2880 152 2944; x_wconf 89' lang='lat' dir='ltr'><strong>dem</strong></span> <span class='ocrx_word' id='word_1_207' title='bbox 172 2878 306 2943; x_wconf 90' lang='lat' dir='ltr'><strong>Catonis</strong></span> <span class='ocrx_word' id='word_1_208' title='bbox 320 2880 403 2944; x_wconf 87' lang='lat' dir='ltr'><strong>senis</strong></span> <span class='ocrx_word' id='word_1_209' title='bbox 417 2880 488 2944; x_wconf 80' lang='lat' dir='ltr'><strong>est¹⁴</strong></span> <span class='ocrx_word' id='word_1_210' title='bbox 503 2879 637 2965; x_wconf 83' lang='lat' dir='ltr'><strong>epistola</strong></span> <span class='ocrx_word' id='word_1_211' title='bbox 651 2877 689 2942; x_wconf 94' lang='lat' dir='ltr'><strong>ad</strong></span> <span class='ocrx_word' id='word_1_212' title='bbox 706 2877 755 2944; x_wconf 88' lang='lat' dir='ltr'><strong>M.</strong></span> <span class='ocrx_word' id='word_1_213' title='bbox 772 2877 882 2956; x_wconf 88' lang='lat' dir='ltr'><strong>filium,</strong></span> <span class='ocrx_word' id='word_1_214' title='bbox 914 2879 947 2944; x_wconf 91' lang='lat' dir='ltr'><strong>in</strong></span> <span class='ocrx_word' id='word_1_215' title='bbox 962 2903 1025 2967; x_wconf 91' lang='lat' dir='ltr'><strong>qua</strong></span> 
     </span>
     <span class='ocr_line' id='line_1_29' title="bbox 82 2963 1026 3042; baseline 0 -12"><span class='ocrx_word' id='word_1_216' title='bbox 82 2965 203 3041; x_wconf 86' lang='lat' dir='ltr'><strong>scribit,</strong></span> <span class='ocrx_word' id='word_1_217' title='bbox 222 2986 257 3028; x_wconf 90' lang='lat' dir='ltr'><strong>se</strong></span> <span class='ocrx_word' id='word_1_218' title='bbox 271 2963 405 3042; x_wconf 92' lang='lat' dir='ltr'><strong>audisse,</strong></span> <span class='ocrx_word' id='word_1_219' title='bbox 423 2987 495 3029; x_wconf 87' lang='lat' dir='ltr'><strong>eum</strong></span> <span class='ocrx_word' id='word_1_220' title='bbox 509 2965 641 3030; x_wconf 90' lang='lat' dir='ltr'><strong>missum</strong></span> <span class='ocrx_word' id='word_1_221' title='bbox 667 2965 788 3028; x_wconf 88' lang='lat' dir='ltr'><strong>factum</strong></span> <span class='ocrx_word' id='word_1_222' title='bbox 812 2987 880 3028; x_wconf 90' lang='lat' dir='ltr'><strong>esse</strong></span> <span class='ocrx_word' id='word_1_223' title='bbox 905 2987 925 3029; x_wconf 87' lang='lat' dir='ltr'><strong>a</strong></span> <span class='ocrx_word' id='word_1_224' title='bbox 950 2988 1026 3030; x_wconf 86' lang='lat' dir='ltr'><strong>con-</strong></span> 
     </span>
     <span class='ocr_line' id='line_1_30' title="bbox 81 3048 1022 3136; baseline 0.003 -21"><span class='ocrx_word' id='word_1_225' title='bbox 81 3051 160 3129; x_wconf 89' lang='lat' dir='ltr'><strong>sule,</strong></span> <span class='ocrx_word' id='word_1_226' title='bbox 178 3072 280 3136; x_wconf 88' lang='lat' dir='ltr'><strong>quum</strong></span> <span class='ocrx_word' id='word_1_227' title='bbox 295 3049 327 3112; x_wconf 94' lang='lat' dir='ltr'><strong>in</strong></span> <span class='ocrx_word' id='word_1_228' title='bbox 345 3051 535 3116; x_wconf 88' lang='lat' dir='ltr'><strong>Macedonia</strong></span> <span class='ocrx_word' id='word_1_229' title='bbox 545 3050 630 3114; x_wconf 89' lang='lat' dir='ltr'><strong>bello</strong></span> <span class='ocrx_word' id='word_1_230' title='bbox 648 3048 801 3113; x_wconf 74' lang='lat' dir='ltr'><strong>Persico¹¹</strong></span> <span class='ocrx_word' id='word_1_231' title='bbox 815 3050 905 3114; x_wconf 90' lang='lat' dir='ltr'><strong>miles</strong></span> <span class='ocrx_word' id='word_1_232' title='bbox 930 3064 1022 3119; x_wconf 89' lang='lat' dir='ltr'><strong>esset.</strong></span> 
     </span>
     <span class='ocr_line' id='line_1_31' title="bbox 84 3135 1024 3222; baseline 0 -20"><span class='ocrx_word' id='word_1_233' title='bbox 84 3138 201 3202; x_wconf 89' lang='lat' dir='ltr'><strong>Monet</strong></span> <span class='ocrx_word' id='word_1_234' title='bbox 222 3135 333 3222; x_wconf 83' lang='lat' dir='ltr'><strong>igitur,</strong></span> <span class='ocrx_word' id='word_1_235' title='bbox 358 3148 394 3201; x_wconf 93' lang='lat' dir='ltr'><strong>ut</strong></span> <span class='ocrx_word' id='word_1_236' title='bbox 422 3148 544 3214; x_wconf 85' lang='lat' dir='ltr'><strong>caveat,</strong></span> <span class='ocrx_word' id='word_1_237' title='bbox 569 3159 609 3200; x_wconf 89' lang='lat' dir='ltr'><strong>ne</strong></span> <span class='ocrx_word' id='word_1_238' title='bbox 638 3135 793 3221; x_wconf 90' lang='lat' dir='ltr'><strong>proelium</strong></span> <span class='ocrx_word' id='word_1_239' title='bbox 824 3136 933 3210; x_wconf 88' lang='lat' dir='ltr'><strong>ineat:</strong></span> <span class='ocrx_word' id='word_1_240' title='bbox 968 3161 1024 3202; x_wconf 89' lang='lat' dir='ltr'><strong>ne-</strong></span> 
     </span>
    </p>
   </div>
   <div class='ocr_carea' id='block_1_3' title="bbox 82 3301 1026 3953">
    <p class='ocr_par' dir='ltr' id='par_1_3' title="bbox 82 3301 1026 3953">
     <span class='ocr_line' id='line_1_32' title="bbox 83 3301 1024 3366; baseline 0.004 -14"><span class='ocrx_word' id='word_1_241' title='bbox 83 3307 272 3353; x_wconf 84' lang='lat' dir='ltr'><strong>animadvertcre</strong></span> <span class='ocrx_word' id='word_1_242' title='bbox 283 3320 331 3352; x_wconf 89' lang='lat' dir='ltr'><strong>non</strong></span> <span class='ocrx_word' id='word_1_243' title='bbox 342 3305 445 3365; x_wconf 87' lang='lat' dir='ltr'><strong>potuisse</strong></span> <span class='ocrx_word' id='word_1_244' title='bbox 453 3303 478 3350; x_wconf 77' lang='lat' dir='ltr'><strong>l”</strong></span> <span class='ocrx_word' id='word_1_245' title='bbox 503 3301 537 3366; x_wconf 76' lang='lat'><strong>(¹)</strong></span> <span class='ocrx_word' id='word_1_246' title='bbox 578 3305 1024 3366; x_wconf 74' lang='lat' dir='ltr'><strong>tempuspraesenspostimperfectum2</strong></span> 
     </span>
     <span class='ocr_line' id='line_1_33' title="bbox 82 3369 1024 3432; baseline 0.002 -14"><span class='ocrx_word' id='word_1_247' title='bbox 82 3369 538 3426; x_wconf 46' lang='lat' dir='ltr'><strong>ctaddtviii.11.D.5.,“Quidtusis</strong></span> <span class='ocrx_word' id='word_1_248' title='bbox 577 3370 624 3416; x_wconf 88' lang='lat' dir='ltr'><strong>vid.</strong></span> <span class='ocrx_word' id='word_1_249' title='bbox 638 3371 711 3417; x_wconf 86' lang='lat' dir='ltr'><strong>Kritz.</strong></span> <span class='ocrx_word' id='word_1_250' title='bbox 721 3372 750 3417; x_wconf 82' lang='lat' dir='ltr'><strong>ad</strong></span> <span class='ocrx_word' id='word_1_251' title='bbox 764 3371 858 3418; x_wconf 82' lang='lat' dir='ltr'><strong>Sallust.</strong></span> <span class='ocrx_word' id='word_1_252' title='bbox 880 3371 905 3416; x_wconf 78' lang='lat'><strong>0.</strong></span> <span class='ocrx_word' id='word_1_253' title='bbox 927 3388 950 3432; x_wconf 85' lang='lat' dir='ltr'><strong>p.</strong></span> <span class='ocrx_word' id='word_1_254' title='bbox 971 3374 1024 3422; x_wconf 81' lang='lat'>157.</span> 
     </span>
     <span class='ocr_line' id='line_1_34' title="bbox 82 3431 1025 3497; baseline 0.004 -15"><span class='ocrx_word' id='word_1_255' title='bbox 82 3444 181 3492; x_wconf 76' lang='lat' dir='ltr'><strong>secutus,</strong></span> <span class='ocrx_word' id='word_1_256' title='bbox 206 3435 409 3496; x_wconf 85' lang='lat' dir='ltr'><strong>nonperspicio:”</strong></span> <span class='ocrx_word' id='word_1_257' title='bbox 422 3434 535 3493; x_wconf 82' lang='lat' dir='ltr'><strong>addepro</strong></span> <span class='ocrx_word' id='word_1_258' title='bbox 579 3431 623 3496; x_wconf 91' lang='lat'><strong>(¹⁰)</strong></span> <span class='ocrx_word' id='word_1_259' title='bbox 636 3437 741 3496; x_wconf 80' lang='lat' dir='ltr'><strong>Sojure.</strong></span> <span class='ocrx_word' id='word_1_260' title='bbox 776 3431 819 3497; x_wconf 89' lang='lat'><strong>(¹¹)</strong></span> <span class='ocrx_word' id='word_1_261' title='bbox 834 3437 892 3482; x_wconf 85' lang='lat' dir='ltr'><strong>Puta</strong></span> <span class='ocrx_word' id='word_1_262' title='bbox 909 3445 936 3482; x_wconf 85' lang='lat' dir='ltr'><strong>ut</strong></span> <span class='ocrx_word' id='word_1_263' title='bbox 957 3439 1025 3486; x_wconf 81' lang='lat' dir='ltr'><strong>nefas</strong></span> 
     </span>
     <span class='ocr_line' id='line_1_35' title="bbox 83 3497 1024 3564; baseline 0 -16"><span class='ocrx_word' id='word_1_264' title='bbox 83 3502 150 3548; x_wconf 79' lang='lat' dir='ltr'><strong>Rota.</strong></span> <span class='ocrx_word' id='word_1_265' title='bbox 162 3503 218 3548; x_wconf 76' lang='lat' dir='ltr'><strong>Am,</strong></span> <span class='ocrx_word' id='word_1_266' title='bbox 231 3505 253 3547; x_wconf 81' lang='lat'><strong>3.</strong></span> <span class='ocrx_word' id='word_1_267' title='bbox 266 3503 296 3557; x_wconf 87' lang='grc'><strong>8,,</strong></span> <span class='ocrx_word' id='word_1_268' title='bbox 319 3502 347 3546; x_wconf 83' lang='lat' dir='ltr'><strong>de</strong></span> <span class='ocrx_word' id='word_1_269' title='bbox 366 3501 397 3547; x_wconf 89' lang='lat' dir='ltr'><strong>D.</strong></span> <span class='ocrx_word' id='word_1_270' title='bbox 409 3500 434 3546; x_wconf 92' lang='lat' dir='ltr'><strong>ii.</strong></span> <span class='ocrx_word' id='word_1_271' title='bbox 453 3497 475 3546; x_wconf 86' lang='grc'><strong>7.</strong></span> <span class='ocrx_word' id='word_1_272' title='bbox 497 3500 533 3544; x_wconf 85' lang='grc'><strong>18.</strong></span> <span class='ocrx_word' id='word_1_273' title='bbox 575 3500 702 3546; x_wconf 84' lang='lat' dir='ltr'><strong>haberetur</strong></span> <span class='ocrx_word' id='word_1_274' title='bbox 712 3501 840 3561; x_wconf 86' lang='lat' dir='ltr'><strong>injuratum</strong></span> <span class='ocrx_word' id='word_1_275' title='bbox 851 3502 951 3561; x_wconf 86' lang='lat' dir='ltr'><strong>aliquem</strong></span> <span class='ocrx_word' id='word_1_276' title='bbox 964 3519 1024 3564; x_wconf 84' lang='lat' dir='ltr'><strong>pug-</strong></span> 
     </span>
     <span class='ocr_line' id='line_1_36' title="bbox 83 3561 1024 3628; baseline 0 -16"><span class='ocrx_word' id='word_1_277' title='bbox 83 3561 168 3627; x_wconf 73' lang='lat' dir='ltr'><strong>(⁶)Ct&#39;.</strong></span> <span class='ocrx_word' id='word_1_278' title='bbox 181 3563 534 3620; x_wconf 69' lang='lat' dir='ltr'><strong>Sauust.1.37.et47.‚fflra</strong></span> <span class='ocrx_word' id='word_1_279' title='bbox 576 3579 633 3610; x_wconf 84' lang='lat' dir='ltr'><strong>nare</strong></span> <span class='ocrx_word' id='word_1_280' title='bbox 653 3575 723 3624; x_wconf 85' lang='lat' dir='ltr'><strong>atque</strong></span> <span class='ocrx_word' id='word_1_281' title='bbox 734 3567 825 3612; x_wconf 86' lang='lat' dir='ltr'><strong>hostem</strong></span> <span class='ocrx_word' id='word_1_282' title='bbox 836 3567 947 3612; x_wconf 85' lang='lat' dir='ltr'><strong>occidere.</strong></span> <span class='ocrx_word' id='word_1_283' title='bbox 981 3565 1024 3628; x_wconf 72' lang='lat'><strong>(¹⁹)</strong></span> 
     </span>
     <span class='ocr_line' id='line_1_37' title="bbox 82 3626 1024 3692; baseline -0.001 -15"><span class='ocrx_word' id='word_1_284' title='bbox 82 3633 111 3677; x_wconf 79' lang='lat' dir='ltr'><strong>de</strong></span> <span class='ocrx_word' id='word_1_285' title='bbox 122 3631 152 3677; x_wconf 90' lang='lat' dir='ltr'><strong>B.</strong></span> <span class='ocrx_word' id='word_1_286' title='bbox 163 3633 194 3677; x_wconf 83' lang='lat' dir='ltr'><strong>A.</strong></span> <span class='ocrx_word' id='word_1_287' title='bbox 208 3633 246 3678; x_wconf 75' lang='lat'><strong>26,</strong></span> <span class='ocrx_word' id='word_1_288' title='bbox 281 3626 315 3692; x_wconf 90' lang='lat'><strong>(⁷)</strong></span> <span class='ocrx_word' id='word_1_289' title='bbox 328 3631 391 3689; x_wconf 78' lang='lat' dir='ltr'><strong>Ergo</strong></span> <span class='ocrx_word' id='word_1_290' title='bbox 410 3639 491 3678; x_wconf 85' lang='lat' dir='ltr'><strong>contra</strong></span> <span class='ocrx_word' id='word_1_291' title='bbox 509 3643 536 3675; x_wconf 87' lang='lat' dir='ltr'><strong>ac</strong></span> <span class='ocrx_word' id='word_1_292' title='bbox 577 3629 596 3675; x_wconf 90' lang='lat'><strong>1.</strong></span> <span class='ocrx_word' id='word_1_293' title='bbox 609 3645 629 3675; x_wconf 89' lang='lat' dir='ltr'><strong>e.</strong></span> <span class='ocrx_word' id='word_1_294' title='bbox 647 3631 800 3688; x_wconf 87' lang='lat' dir='ltr'><strong>admovendo,</strong></span> <span class='ocrx_word' id='word_1_295' title='bbox 817 3629 946 3676; x_wconf 72' lang='lat' dir='ltr'><strong>inferendo,</strong></span> <span class='ocrx_word' id='word_1_296' title='bbox 980 3627 1024 3692; x_wconf 79' lang='lat'><strong>(¹³)</strong></span> 
     </span>
     <span class='ocr_line' id='line_1_38' title="bbox 84 3693 1025 3756; baseline -0.001 -15"><span class='ocrx_word' id='word_1_297' title='bbox 84 3711 149 3742; x_wconf 86' lang='lat' dir='ltr'><strong>more</strong></span> <span class='ocrx_word' id='word_1_298' title='bbox 161 3697 284 3743; x_wconf 84' lang='lat' dir='ltr'><strong>Romanae</strong></span> <span class='ocrx_word' id='word_1_299' title='bbox 296 3695 394 3740; x_wconf 85' lang='lat' dir='ltr'><strong>militiae</strong></span> <span class='ocrx_word' id='word_1_300' title='bbox 405 3697 455 3742; x_wconf 84' lang='lat' dir='ltr'><strong>lieri</strong></span> <span class='ocrx_word' id='word_1_301' title='bbox 474 3693 535 3740; x_wconf 88' lang='lat' dir='ltr'><strong>sole·</strong></span> <span class='ocrx_word' id='word_1_302' title='bbox 577 3694 691 3741; x_wconf 83' lang='lat' dir='ltr'><strong>Additum</strong></span> <span class='ocrx_word' id='word_1_303' title='bbox 710 3696 734 3742; x_wconf 89' lang='lat' dir='ltr'><strong>h.</strong></span> <span class='ocrx_word' id='word_1_304' title='bbox 752 3698 767 3742; x_wconf 89' lang='lat' dir='ltr'><strong>l.</strong></span> <span class='ocrx_word' id='word_1_305' title='bbox 783 3709 924 3756; x_wconf 86' lang='lat' dir='ltr'><strong>praenomen</strong></span> <span class='ocrx_word' id='word_1_306' title='bbox 943 3697 1025 3754; x_wconf 89' lang='lat' dir='ltr'><strong>opinor</strong></span> 
     </span>
     <span class='ocr_line' id='line_1_39' title="bbox 84 3754 1026 3821; baseline -0.001 -15"><span class='ocrx_word' id='word_1_307' title='bbox 84 3763 138 3807; x_wconf 85' lang='lat' dir='ltr'><strong>bat:</strong></span> <span class='ocrx_word' id='word_1_308' title='bbox 151 3762 182 3807; x_wconf 81' lang='lat' dir='ltr'><strong>cf.</strong></span> <span class='ocrx_word' id='word_1_309' title='bbox 196 3760 342 3808; x_wconf 75' lang='lat' dir='ltr'><strong>CaeadeB.</strong></span> <span class='ocrx_word' id='word_1_310' title='bbox 356 3761 466 3807; x_wconf 59' lang='lat' dir='ltr'><strong>mitat.</strong></span> <span class='ocrx_word' id='word_1_311' title='bbox 501 3754 536 3818; x_wconf 78' lang='lat'><strong>(⁸)</strong></span> <span class='ocrx_word' id='word_1_312' title='bbox 575 3760 651 3820; x_wconf 86' lang='lat' dir='ltr'><strong>ipsam</strong></span> <span class='ocrx_word' id='word_1_313' title='bbox 661 3761 836 3821; x_wconf 88' lang='lat' dir='ltr'><strong>inscriptionem</strong></span> <span class='ocrx_word' id='word_1_314' title='bbox 856 3758 967 3818; x_wconf 85' lang='lat' dir='ltr'><strong>epistolae</strong></span> <span class='ocrx_word' id='word_1_315' title='bbox 989 3773 1026 3805; x_wconf 89' lang='lat' dir='ltr'><strong>re·</strong></span> 
     </span>
     <span class='ocr_line' id='line_1_40' title="bbox 84 3821 1023 3887; baseline -0.003 -15"><span class='ocrx_word' id='word_1_316' title='bbox 84 3826 119 3872; x_wconf 74' lang='lat' dir='ltr'><strong>u.</strong></span> <span class='ocrx_word' id='word_1_317' title='bbox 128 3826 233 3887; x_wconf 88' lang='lat' dir='ltr'><strong>Popilius</strong></span> <span class='ocrx_word' id='word_1_318' title='bbox 243 3826 342 3881; x_wconf 85' lang='lat' dir='ltr'><strong>Laenas,</strong></span> <span class='ocrx_word' id='word_1_319' title='bbox 352 3824 392 3885; x_wconf 88' lang='lat' dir='ltr'><strong>qui</strong></span> <span class='ocrx_word' id='word_1_320' title='bbox 404 3827 456 3872; x_wconf 83' lang='lat' dir='ltr'><strong>Gor.</strong></span> <span class='ocrx_word' id='word_1_321' title='bbox 475 3837 496 3869; x_wconf 90' lang='lat' dir='ltr'><strong>a.</strong></span> <span class='ocrx_word' id='word_1_322' title='bbox 507 3823 536 3868; x_wconf 86' lang='lat' dir='ltr'><strong>U.</strong></span> <span class='ocrx_word' id='word_1_323' title='bbox 578 3825 672 3884; x_wconf 83' lang='lat' dir='ltr'><strong>spicere.</strong></span> <span class='ocrx_word' id='word_1_324' title='bbox 707 3822 750 3887; x_wconf 86' lang='lat'><strong>(¹⁴)</strong></span> <span class='ocrx_word' id='word_1_325' title='bbox 762 3825 782 3871; x_wconf 93' lang='lat'><strong>1.</strong></span> <span class='ocrx_word' id='word_1_326' title='bbox 794 3840 814 3871; x_wconf 80' lang='lat' dir='ltr'><strong>e.</strong></span> <span class='ocrx_word' id='word_1_327' title='bbox 825 3821 954 3870; x_wconf 71' lang='lat' dir='ltr'><strong>exstatzcl.</strong></span> <span class='ocrx_word' id='word_1_328' title='bbox 965 3822 990 3866; x_wconf 88' lang='lat' dir='ltr'><strong>ii.</strong></span> <span class='ocrx_word' id='word_1_329' title='bbox 1000 3827 1023 3869; x_wconf 84' lang='lat'><strong>5.</strong></span> 
     </span>
     <span class='ocr_line' id='line_1_41' title="bbox 84 3882 1024 3953; baseline -0.002 -17"><span class='ocrx_word' id='word_1_330' title='bbox 84 3889 401 3953; x_wconf 60' lang='lat' dir='ltr'><strong>stemigmiamobtineuat.</strong></span> <span class='ocrx_word' id='word_1_331' title='bbox 435 3885 537 3953; x_wconf 79' lang='lat' dir='ltr'><strong>(⁹)Nota</strong></span> <span class='ocrx_word' id='word_1_332' title='bbox 581 3891 618 3939; x_wconf 81' lang='lat'><strong>16.</strong></span> <span class='ocrx_word' id='word_1_333' title='bbox 629 3887 888 3950; x_wconf 73' lang='lat' dir='ltr'><strong>ifr.,deD.it.51.105.</strong></span> <span class='ocrx_word' id='word_1_334' title='bbox 922 3882 965 3949; x_wconf 77' lang='lat'><strong>(¹⁵)</strong></span> <span class='ocrx_word' id='word_1_335' title='bbox 976 3887 994 3935; x_wconf 90' lang='lat'><strong>1.</strong></span> <span class='ocrx_word' id='word_1_336' title='bbox 1002 3903 1024 3934; x_wconf 86' lang='lat' dir='ltr'><strong>e.</strong></span> 
     </span>
    </p>
   </div>
   <div class='ocr_carea' id='block_1_4' title="bbox 529 3953 578 4009">
    <p class='ocr_par' dir='ltr' id='par_1_4' title="bbox 529 3953 578 4009">
     <span class='ocr_line' id='line_1_42' title="bbox 529 3953 578 4009; baseline -0.02 0"><span class='ocrx_word' id='word_1_337' title='bbox 529 3953 578 4009; x_wconf 69' lang='grc' dir='ltr'><strong>οἳ</strong></span> 
     </span>
    </p>
   </div>
   <div class='ocr_carea' id='block_1_5' title="bbox 0 0 1247 4432">
    <p class='ocr_par' dir='ltr' id='par_1_5' title="bbox 0 0 1247 4432">
     <span class='ocr_line' id='line_1_43' title="bbox 0 0 1247 4432; baseline 0 0"><span class='ocrx_word' id='word_1_338' title='bbox 0 0 1247 4432; x_wconf 95' lang='lat' dir='ltr'><strong> </strong></span> 
     </span>
    </p>
   </div>
  </div>
 </body>
</html>
