2472 4432
272 379 310 434 64
611 370 668 431 DE
691 367 871 430 OFFlCllS

272 533 312 598 tis
327 531 426 596 intelli
452 531 462 594 i
474 541 616 617 possunt,
628 529 667 594 ab
677 529 714 594 iis
724 541 772 594 est
782 528 964 614 diligentius
972 529 1183 594 declinanda

276 618 324 684 Ut
338 618 370 682 in
386 616 439 681 lidr
464 639 500 679 us
515 627 569 680 aut
585 615 680 694 tibiis,
697 614 860 701 quamvis¹¹
870 616 998 700 paulurn
1015 615 1184 702 discreper

272 717 376 770 tamen
399 702 431 766 id
452 724 471 766 a
492 701 609 766 sciente
631 700 832 765 animadverti
851 701 952 776 solet3
975 701 1023 766 sic
1038 701 1184 766 videndi

273 789 366 854 estin
383 787 458 865 vita,
475 809 515 852 ne
529 787 609 852 sorte
631 785 706 871 quid
727 786 899 870 discrepet;
922 787 972 850 vel
993 787 1109 852 multo
1126 789 1184 852 etia

273 874 383 961 magis,
400 895 463 958 quo
486 874 586 959 major
601 885 633 938 et
647 871 757 936 melior
771 871 930 936 actionum
945 893 1043 958 quam
1060 895 1184 938 sonora

273 971 442 1024 concentus
456 971 514 1024 cst.

319 1044 417 1110 XLI.
444 1045 514 1108 146.
541 1043 663 1129 ltaque,
680 1054 716 1107 ut
729 1043 762 1107 in
778 1041 891 1107 fidibus
910 1043 1110 1108 musicorum
1127 1067 1184 1108 aur

274 1130 324 1196 vel
348 1131 476 1194 minima
497 1129 647 1207 sentiunt,
672 1128 716 1192 sic
740 1150 806 1204 nos,
824 1127 850 1192 si
872 1151 958 1193 acres
975 1152 1013 1194 ac
1036 1129 1185 1216 diligent

273 1238 340 1282 esse
366 1216 510 1280 volumus
539 1213 877 1298 animadversoresque¹
900 1215 1060 1291 vitiorum,
1096 1237 1185 1302 magr

272 1325 364 1390 saepe
378 1301 591 1389 intelligemus
610 1323 650 1364 ex
670 1300 785 1386 parvis.
833 1299 885 1364 Ex
900 1300 1064 1368 oculorum
1081 1301 1185 1364 obtut‘

273 1411 312 1454 ex
334 1387 567 1489 superciliorum
589 1397 643 1450 aut
658 1385 838 1449 remissione
851 1397 908 1449 aut
922 1385 1159 1463 contractione,
1178 1409 1185 1448 t

273 1473 439 1551 moestitia,
456 1496 496 1538 ex
511 1472 677 1549 hilaritate,
694 1493 734 1535 ex
748 1470 823 1549 risu,
840 1493 880 1534 ex
895 1471 1066 1549 locutione,
1086 1495 1128 1535 ex
1142 1487 1185 1535 ret

273 1560 386 1638 centia,
404 1583 443 1624 ex
458 1559 658 1623 contentione
673 1556 769 1632 vocis,
783 1579 823 1620 ex
834 1556 1051 1634 submissione,
1069 1576 1113 1620 ex
1129 1571 1183 1620 cet

272 1647 314 1714 ris
329 1645 492 1722 similibus,
509 1644 599 1708 facile
606 1640 827 1728 judicabimus,
839 1641 914 1728 quid
929 1664 1036 1706 eorum
1051 1654 1130 1728 apte
1145 1642 1186 1708 fia

274 1732 348 1820 quid
371 1732 411 1798 ab
433 1730 533 1796 officio
555 1741 728 1812 naturaque
743 1726 906 1812 discrepet.
953 1727 1027 1802 Quo
1042 1727 1077 1790 in
1094 1749 1186 1814 gener

273 1841 337 1884 non
362 1827 409 1882 est
434 1813 676 1891 incommodum,
723 1813 793 1877 uale
814 1812 952 1898 quidque
973 1835 1084 1876 eorum
1100 1813 1154 1892 sit,
1172 1837 1186 1877 e

273 1904 343 1970 aliis
353 1901 513 1987 judicare:
536 1911 582 1976 ut,
606 1898 633 1962 si
654 1836 730 1984 quid
751 1897 901 1963 dedeceat
922 1899 956 1962 in
976 1897 1051 1976 illis,
1069 1899 1186 1963 vitemu

274 1987 318 2056 et²
332 1987 402 2074 ipsi.
449 1985 501 2049 Fit
518 1983 611 2060 enim,
623 1983 729 2048 nescio
738 2005 801 2068 quo
815 1983 918 2062 modo,
931 1995 967 2048 ut
975 2005 1026 2048 ma
1051 1984 1077 2048 is
1092 1984 1127 2046 in
1136 1985 1186 2070 alii

274 2091 448 2146 cernamus,
458 2091 551 2218 cluam
563 2069 596 2132 in
605 2069 760 2133 nobismet
771 2069 857 2155 ipsis,
870 2070 896 2133 si
905 2069 981 2154 quid
990 2007 1186 2154 delinquitur

274 2158 380 2244 itaque
394 2154 464 2220 lucil
481 2155 541 2219 ime
552 2153 752 2242 corriguntur
760 2155 793 2219 in
808 2154 965 2230 discendo,
983 2176 1118 2239 quorum
1132 2155 1187 2219 viti

273 2243 436 2310 imitantur
451 2239 632 2306 emendandi
647 2261 742 2304 causa
755 2240 906 2327 magistri.
953 2243 1024 2308 147.
1047 2239 1118 2304 Nec
1133 2263 1187 2305 ver

275 2329 411 2396 alienum
421 2337 469 2392 est
477 2326 515 2392 ad
525 2347 561 2390 ea
570 2325 723 2413 eligenda,
734 2347 815 2474 quae
825 2325 1052 2392 dubitationem
1060 2326 1187 2392 afferunt

275 2414 423 2480 adhibere
434 2411 543 2476 doctos
553 2412 741 2476 hominesve
765 2410 859 2476 etiarn
868 2435 926 2476 usu
936 2411 1062 2498 peritos
1076 2423 1118 2489 et,
1130 2413 1187 2497 qui

276 2501 315 2566 iis
329 2500 368 2564 de
383 2519 509 2585 quoque
520 2497 613 2562 officii
624 2519 738 2584 genere
747 2496 882 2584 placeat,
895 2497 1068 2583 exquirere.
1099 2497 1187 2584 Majo

276 2585 360 2652 enim
374 2605 445 2670 pars
459 2606 497 2648 eo
511 2584 574 2648 fere
595 2582 706 2648 deferri
728 2583 818 2658 solet,
835 2605 898 2668 quo
913 2609 932 2649 a
946 2594 1057 2648 natura
1069 2582 1137 2669 ipsa
1151 2585 1187 2648 de

277 2671 410 2738 ducitur.
457 2669 495 2734 ln
521 2669 635 2754 quibus
659 2667 825 2732 videndum
849 2681 906 2746 est,
930 2691 994 2733 non
1016 2669 1108 2733 modo
1129 2671 1187 2754 qui<

277 2756 408 2844 quisque
422 2755 579 2842 loquatur,
595 2753 756 2819 sedetiam
778 2754 854 2838 quid
869 2755 1003 2840 quisque
1013 2755 1134 2831 sentiat,
1155 2767 1186 2818 at

277 2865 338 2928 que
360 2841 455 2907 etiam
476 2863 539 2941 qua
561 2841 599 2904 de
624 2840 718 2904 'causa
737 2839 871 2988 finisque
886 2842 1011 2905 sentiat.
1058 2839 1105 2905 Ut
1119 2842 1187 2904 enin

277 2928 410 3014 pictores
434 2926 521 3004 etri,
548 2926 603 3010 qui
625 2925 717 3011 signa
750 2924 937 3003 abricantur‚
962 2937 994 2990 et
1016 2948 1087 2989 vero
1106 2927 1187 2991 etian

277 3016 388 3099 po'e'tae
409 3034 499 3077 suum
522 3011 655 3096 quisque
669 3032 748 3097 opus
763 3033 782 3075 a
797 3011 896 3098 vulgo
913 3011 1095 3076 considerari
1109 3013 1187 3089 vulti

277 3110 323 3177 ut,
347 3099 373 3163 si
388 3097 462 3184 quid
476 3095 696 3184 reprehensum
711 3095 752 3161 sit
766 3118 784 3160 a
799 3096 951 3182 pluribus,
968 3096 1000 3160 id
1015 3097 1187 3185 corrigatun

277 3295 348 3342 etiam
367 3296 395 3340 ab
408 3293 508 3340 Auctore
525 3306 575 3339 eme
591 3298 680 3350 potest:
697 3305 719 3337 v.
759 3300 783 3338 et
797 3291 903 3338 Fronton.
918 3293 947 3339 de
959 3291 1051 3351 Nepote,
1061 3305 1082 3350 p.
1093 3290 1142 3336 als.
1156 3293 1187 3336 ed.

278 3361 330 3418 ad}
346 3359 453 3419 llbspr.
487 3355 531 3420 (¹¹)
544 3358 571 3404 V.
589 3358 618 3404 ad
631 3358 668 3403 25.
681 3358 720 3422 1111.
761 3357 829 3404 Rom.
864 3353 897 3419 (³)
910 3357 1023 3415 copulam
1038 3363 1124 3401 tuentur
1135 3357 1187 3415 Reg.

279 3439 373 3536 'plllrb
386 3484 421 3550 (¹)
429 3487 488 3534 Nota
497 3489 721 3534 nomensubst.cum
761 3429 1009 3546 (imiisbrboed'lumbl'
1018 3420 1187 3547 {helwildis

276 3555 321 3616 adj.
325 3557 444 3616 junctum:
452 3554 482 3598 cl.
490 3553 521 3598 iii.
531 3552 565 3597 13.
573 3552 619 3607 st,
626 3552 663 3598 ³2.
672 3554 680 3596 1
690 3552 725 3598 13.
764 3552 812 3597 rius
824 3551 894 3611 paulo
904 3558 1026 3597 attractum
1034 3551 1118 3596 verbum
1130 3559 1187 3598 notat

278 3621 310 3666 ifr
343 3625 455 3666 veterator
463 3635 471 3670 ,·
487 3632 529 3676 pro
545 3617 605 3662 Sext.
629 3615 724 3671 14.33.,
766 3616 946 3674 Madvig.adde
956 3615 981 3660 F.
990 3631 1011 3675 p.
1021 3615 1082 3660 692:
1098 3630 1138 3661 non
1147 3631 1185 3661 no·

279 3653 531 3744 “hbmodcsperstuset
537 3679 726 3751 proditorrelp.;”
765 3680 867 3726 totidem
879 3680 936 3726 illud
946 3680 1001 3726 ibid.
1011 3695 1032 3725 v.
1039 3678 1185 3736 24.72.‚ceten'

280 3751 340 3798 adde
351 3751 444 3798 Sallust.
458 3748 482 3795 G.
495 3749 527 3804 5,
538 3745 577 3792 ubi
594 3760 636 3793 nos
651 3747 726 3807 plura,
770 3747 890 3807 ..quisquc
906 3747 992 3792 voluit:
1011 3745 1066 3792 adde
1083 3744 1184 3792 britnod

78 4123 582 4410 mn
