2450 4478
385 358 465 420 LIB.
487 358 544 416 111.
566 359 657 418 CAP.
678 361 726 418 20.
971 360 1021 414 141

58 516 194 580 rustici
209 515 340 601 quidem
352 515 527 583 dubitent?
543 517 686 604 aquibus
701 527 811 581 natum
821 525 869 579 est
883 515 925 593 id,
943 514 1027 600 quod

52 603 145 686 jam
160 601 339 666 contritum
354 613 402 666 est
415 614 571 669 vetustate
582 603 804 690 proverbium:
821 623 919 686 quum
928 599 1026 665 enim⁷

58 687 179 754 fidem
208 687 347 773 alicujus
372 688 608 775 bonitatemque
630 688 769 765 laudant,
804 688 936 774 dignum
959 708 1027 749 esse

60 773 205 852 dicunt,
232 778 360 856 quicum
374 777 408 838 in
424 779 558 840 tenebris
573 779 678 840 mices.
726 774 799 838 Hoc
815 795 910 859 quam
930 772 1026 837 habet

61 858 173 938 vim⁸,
196 859 262 924 nisi
285 859 383 937 illam,
415 861 495 925 nihil
517 861 674 949 expedire,
707 859 792 945 quod
814 882 878 922 non
905 859 1030 934 deceat,¹

64 947 181 1012 etiam
196 945 224 1010 si
239 945 272 1009 id
287 947 388 1032 possis
403 947 491 1012 nullo
506 947 670 1012 refellente
685 946 854 1011 obtinere?
899 946 949 1012 78.
970 944 1028 1007 Vi-

65 1031 193 1108 desne,
219 1029 282 1095 hoc
297 1032 461 1117 proverbio
475 1056 580 1119 neque
599 1033 691 1119 Gygi
712 1031 761 1097 illi
784 1053 876 1118 posse
899 1030 1025 1096 veniam

66 1117 149 1182 dari
166 1139 273 1201 neque
288 1117 372 1196 huic,
395 1141 491 1205 quem
505 1120 601 1221 paulo
624 1129 699 1183 ante
725 1117 885 1205 fingebam
911 1116 1026 1204 digito-

69 1226 156 1266 rum
181 1204 385 1288 percussione
408 1205 595 1270 hereditates
618 1203 759 1269 omnium
782 1226 874 1291 posse
898 1225 1027 1268 conver-

69 1288 194 1354 rere9?
244 1290 294 1354 Ut
308 1291 403 1367 enim,
427 1291 512 1375 quod
525 1302 617 1392 turpe
631 1301 689 1368 est,
706 1289 750 1367 id,
791 1289 912 1354 uamvis
923 1289 1027 1354 occul-

72 1385 182 1451 tetur,
207 1386 314 1438 tamen
328 1374 496 1440 honestum
521 1377 588 1441 lien
611 1376 700 1441 nullo
714 1313 807 1440 modo
803 1386 946 1524 fipotest3
969 1375 1025 1451 sic,

837 1462 865 1526 ci
879 1483 944 1523 non
955 1471 1027 1546 pot-

73 1460 172 1546 quod
186 1459 357 1524 honestum
371 1483 434 1524 non
450 1475 508 1539 est,
524 1463 557 1528 id
572 1464 649 1527 utile
665 1474 701 1526 ut
715 1462 767 1540 sit,
783 1486 803 1526 e

76 1558 143 1623 est,
168 1546 357 1610 adversante
372 1558 404 1612 et
417 1561 616 1669 repugnante
631 1559 753 1612 natura.

129 1631 221 1696 XX.
240 1633 291 1699 79.
310 1633 355 1696 At
369 1633 453 1697 enim
466 1656 584 1720 ‚quum
599 1655 772 1721 permagna
786 1631 924 1719 praemia
938 1642 1023 1708 sunt,

79 1729 133 1782 eet
155 1739 253 1782 causa
275 1719 435 1804 peccandi.
482 1722 521 1786 C.
547 1720 671 1784 Marius
697 1741 795 1803 quum
810 1740 829 1782 a
844 1740 899 1803 spe
915 1739 1027 1780 consu-

79 1804 170 1868 latus
186 1803 284 1890 longe
297 1804 421 1868 abesset
430 1806 534 1891 etjam
543 1806 711 1891 septimum
725 1827 843 1868 annum
854 1813 926 1888 post
936 1824 1026 1888 prae·

80 1901 192 1954 turam
202 1889 338 1976 jaceret²
352 1913 453 1976 neque
479 1892 635 1978 petiturus
654 1911 804 1976 umquam
827 1889 1025 1954 consulatum

84 1976 256 2053 rideretur,
267 1976 319 2051 Q.
337 1975 518 2055 Metellum,
530 1978 622 2063 cujus
637 1977 761 2063 legatus
777 1988 852 2053 erat,
865 1997 1022 2039 summum

83 2061 204 2126 virum³
218 2071 252 2125 et
268 2062 380 2141 civem,
404 2085 503 2150 quum
525 2063 565 2128 ab
590 2086 638 2140 eo,
661 2063 850 2150 imperatore
865 2084 933 2139 suo,
961 2062 1028 2125 Ro-

83 2170 173 2212 mam
187 2147 304 2212 missus
319 2159 411 2226 esset,
435 2149 519 2236 apud
542 2147 694 2235 populum
723 2151 905 2214 Romanum
923 2147 1026 2210 crimi-

83 2245 182 2298 natus
196 2245 256 2311 est,
280 2236 394 2298 bellum
409 2234 511 2300 illum⁴
525 2233 673 2299 ducere⁵r
694 2239 725 2298 si
746 2257 780 2300 se
800 2235 956 2300 consulem
971 2235 1028 2313 fe-

83 2323 214 2397 crosent,
232 2323 319 2384 brevi
331 2329 468 2402 tempore
482 2331 540 2385 ant
550 2325 653 2386 vivum
668 2332 726 2406 aot
737 2332 893 2386 mortuum
903 2319 1027 2399 Juque-

84 2407 176 2469 tham
201 2427 236 2469 se
261 2409 296 2470 in
314 2416 504 2488 potestatem
523 2409 638 2490 populi
652 2407 796 2471 Romani
810 2409 1023 2470 redacturum.

87 2491 205 2576 ltaque
219 2490 321 2555 factus
335 2502 383 2556 est
397 2490 450 2556 ille
464 2491 591 2578 quidem
607 2492 735 2568 consul3
758 2493 813 2556 sed
828 2515 847 2557 a
862 2490 923 2555 fide
932 2489 1027 2576 justi-

84 2576 195 2662 tioque
212 2575 364 2654 discessit,
389 2578 444 2662 qui
459 2581 612 2667 optimum
628 2588 659 2642 et
677 2579 898 2666 gravissimum
913 2577 1024 2653 civem,

85 2663 178 2748 cujus
192 2661 320 2750 legatus
335 2674 367 2726 et
381 2686 474 2749 aquo
488 2663 615 2730 missus⁶
630 2676 721 2741 esset,
737 2665 772 2728 in
786 2663 938 2729 invidiam
949 2663 1027 2726 falso

86 2749 216 2812 crimine
242 2748 418 2814 adduxerit.
463 2756 515 2816 80.
544 2751 596 2815 Ne
621 2750 739 2814 noster⁷
765 2750 894 2836 quidem
918 2748 1027 2814 Grati-

86 2833 199 2898 dianus
214 2835 317 2900 officio
332 2835 408 2899 boni
423 2835 481 2900 viri
496 2837 623 2902 functus
638 2848 686 2901 est
696 2849 775 2912 tum,
790 2857 889 2920 quum
926 2845 1027 2899 raetor

86 2932 168 2984 esset
180 2919 415 3007 collegiumque
429 2934 607 3009 praetorum
619 2923 739 2987 tribuni
753 2919 852 3010 plebi⁸
866 2943 885 2984 a
930 2919 1026 2985 'buir-

87 3089 121 3154 (7)
130 3092 253 3138 Vidadii.
267 3093 352 3138 tcto.
364 3107 410 3154 spr.
432 3089 466 3155 (⁸)
473 3093 534 3140 vide
575 3091 632 3138 item
645 3092 715 3138 Bern.
727 3092 766 3138 h:
784 3093 814 3138 cf.
832 3089 927 3138 Sallust.
945 3089 969 3136 Ι.
980 3087 1027 3145 tt..

86 3158 115 3203 ad
127 3161 149 3204 9.
158 3159 198 3203 39.
209 3172 255 3218 spr.
290 3154 324 3219 (⁹)
334 3159 379 3218 Np.
387 3160 453 3220 quasi
464 3159 534 3204 verri·
576 3159 591 3182 “
603 3156 721 3203 criminari
739 3155 953 3214 Carthaginienses,
972 3164 1027 3202 ante

86 3225 145 3269 culo.
174 3223 212 3269 At
224 3229 359 3278 convertere,
371 3238 401 3268 sc.
413 3224 443 3269 ad
455 3237 487 3268 se.
576 3229 668 3282 tempus
674 3221 894 3280 domodigressos:'¹
901 3221 947 3267 vid.
953 3221 1026 3280 Wop-

118 3288 172 3336 XX.
184 3284 219 3348 (¹)
231 3289 270 3333 Cf.
281 3287 320 3332 ifr.
333 3288 371 3332 29.
385 3287 536 3348 105.,pr01..
576 3287 643 3332 kens.
655 3287 680 3332 in
695 3287 761 3332 Mite.
775 3287 838 3332 Obss.
850 3285 908 3332 Non.
927 3295 943 3333 t.
961 3300 984 3332 x.
1003 3300 1026 3345 p.

87 3353 171 3400 Manil.
184 3353 283 3406 1251„
301 3353 338 3398 2⁰.
350 3355 396 3408 60„
413 3369 455 3413 pro
473 3353 536 3399 Mur.
579 3352 632 3397 125.
667 3346 699 3410 (⁵)
719 3352 738 3396 1.
752 3366 772 3396 e.
789 3350 889 3396 trahere.
920 3351 959 3397 Ad
976 3364 1025 3396 rem

89 3419 125 3465 37.
137 3419 186 3474 78.,
199 3432 243 3478 pro
255 3417 319 3462 Sulla
332 3417 370 3463 20.
382 3419 428 3472 56.,
446 3418 484 3463 22.
496 3418 536 3464 62.
576 3417 607 3462 cf.
619 3416 744 3462 Sallustl.
753 3415 791 3461 64.
820 3410 853 3477 (⁶)
865 3417 919 3462 Non
927 3416 978 3462 fere
987 3415 1024 3462 in·

90 3478 289 3542 (¹)Ctprod1ur.
302 3483 324 3526 8.
337 3481 372 3529 17.
408 3479 440 3545 (³)
454 3483 535 3528 hamb.
576 3480 655 3539 telligo
664 3495 716 3539 ego,
733 3481 850 3540 quomodo
862 3482 907 3527 hoc
921 3481 1024 3541 quidem,

88 3560 194 3596 manum
213 3552 237 3593 et
256 3561 278 3592 v.
292 3551 314 3592 et
325 3562 360 3598 c.‚·
378 3547 408 3593 cf.
420 3547 436 3592 i.
448 3549 486 3594 22.
496 3547 536 3595 76.
575 3546 638 3606 quod
660 3545 745 3592 iterum
763 3554 831 3606 urget
845 3546 900 3602 cic„
922 3546 953 3590 ad
975 3557 1024 3589 rem

89 3625 149 3672 upra
166 3621 192 3658 nt
201 3611 305 3658 trustra:
322 3613 353 3657 cf.
362 3627 405 3671 pro
412 3614 484 3660 Arclt
498 3611 534 3658 ll.
574 3611 707 3670 augendam
717 3610 799 3658 iaciat:
813 3625 888 3672 neque
898 3612 960 3657 enim
968 3615 1024 3653 tunc

91 3677 135 3732 rt..
146 3679 275 3724 “nummus
290 3674 330 3721 ille
347 3676 383 3722 vir
397 3683 421 3724 et
434 3678 535 3736 impera·
574 3675 665 3722 Murius
677 3676 768 3724 Metelli
786 3676 906 3736 negotium
920 3673 1022 3732 gerebat.

92 3741 148 3789 tor.¹'
180 3737 215 3802 (⁴)
234 3741 288 3787 Del.
307 3741 357 3787 cod.
377 3755 443 3788 meur
463 3742 534 3797 illum,
574 3737 607 3802 (⁷)
617 3741 655 3788 ct.
666 3742 703 3789 lo.
714 3742 753 3790 67.
765 3756 811 3802 spr.
840 3735 1024 3801 (⁸)Vid.dehoo
