2450 4478
262 407 319 464 loa
597 403 653 464 DE
678 403 853 467 OFFICIIS

258 589 307 630 res
323 561 539 630 vehementius
553 585 619 627 rem
634 564 793 651 publicam
808 564 971 643 continetl,
984 587 1082 651 quam
1097 563 1190 640 fides:

257 674 339 739 quae
353 672 420 714 esse
435 649 521 712 nulla
535 663 649 735 potest,
671 651 733 714 nisi
753 651 813 715 erit
827 652 1001 716 necessaria
1015 651 1136 715 solutio
1150 674 1191 714 re·

256 759 326 800 rum
342 735 537 800 creditarum.
584 736 767 822 Numquam
781 736 996 801 vehementius
1010 749 1122 801 actum
1136 751 1191 812 est,

257 845 352 908 quam
378 844 427 885 me
452 819 589 898 consule,
614 844 654 885 ne
676 822 858 886 solveretur.
907 823 1013 886 Armis
1036 833 1069 887 et
1085 823 1192 887 castris

257 919 378 972 tentata
399 929 448 971 res
466 917 514 970 est
536 907 575 970 ab
597 909 684 972 omni
707 930 821 994 genere
835 907 999 971 hominum
1014 921 1048 973 et
1063 909 1191 982 ordine;

257 993 371 1079 quibus
394 993 439 1057 ita
464 991 587 1068 restiti³,
606 1005 642 1057 ut
663 994 722 1057 hoc
737 1003 862 1057 tanturn
877 994 995 1058 malum
1010 994 1102 1059 dere
1117 995 1192 1080 pub-

257 1080 317 1144 lica
336 1079 508 1144 tolleretur.
560 1078 742 1164 Numquam
765 1101 823 1142 nec
849 1081 951 1166 majus
977 1101 1031 1144 aes
1056 1080 1192 1144 alienum

256 1167 325 1243 fuit,
339 1188 397 1229 nec
408 1165 520 1228 melius
532 1165 602 1229 nec⁴
613 1165 734 1228 facilius
744 1164 929 1228 dissolutum
942 1177 1010 1230 est:
1027 1166 1192 1230 fraudandi

256 1252 340 1314 enim
363 1273 417 1337 spe
440 1250 573 1327 sublata,
598 1250 739 1315 solvendi
761 1250 929 1315 necessitas
945 1262 1122 1316 consecuta
1137 1266 1190 1315 est.

259 1338 303 1400 At
326 1360 398 1401 vero
420 1336 471 1400 bic
492 1335 611 1399 noster⁵
626 1336 735 1412 victor,
754 1347 821 1400 tum
836 1337 962 1420 quidem
977 1337 1096 1414 victua,
1114 1360 1191 1422 quae

256 1423 419 1510 cogitarat,
438 1445 475 1486 ea
489 1420 641 1508 perfecit⁶,
652 1443 751 1507 quum
765 1423 833 1507 ejus
841 1424 907 1508 jam
920 1421 999 1486 nihil
1013 1423 1190 1486 interesset.

257 1509 363 1574 Tanta
385 1510 416 1572 in
442 1531 479 1572 eo
506 1507 654 1594 peccandi
669 1507 764 1571 libido
783 1508 853 1585 fuit,
871 1519 906 1571 ut
920 1508 980 1571 hoc
996 1508 1107 1594 ipsum
1122 1531 1190 1572 eum

255 1595 434 1673 delectaret,
453 1592 604 1680 peccare⁷,
615 1593 712 1657 etiarn
721 1594 748 1656 si
759 1615 853 1657 causa
863 1616 924 1657 non
940 1607 1034 1657 esset.
1068 1599 1124 1658 85.
1142 1595 1190 1657 Ab

255 1680 314 1745 hoc
329 1681 427 1770 igitur
440 1702 554 1768 genere
570 1678 757 1765 largitionis,
769 1689 805 1742 ut
816 1679 885 1743 aliis
900 1681 1001 1755 detur,
1019 1679 1092 1744 aliis
1107 1682 1191 1744 aufe-

254 1781 349 1846 ratur,
377 1764 523 1832 aberunt8
546 1765 579 1844 ii,
606 1764 660 1850 qui
685 1765 922 1850 rempublicam
938 1766 1137 1830 tuebuntur:
1160 1767 1189 1829 in

254 1854 423 1938 primisque
433 1873 558 1936 operam
567 1850 699 1928 dabunt,
710 1861 745 1914 ut
754 1851 834 1937 juris
843 1864 875 1914 et
879 1851 1073 1936 judiciorum
1082 1854 1190 1938 aequi-

255 1951 319 2002 tate
335 1961 426 2002 suum
441 1936 575 2020 quisque
590 1947 706 2014 teneat,
723 1949 755 2000 et
770 1959 872 2021 neque
888 1938 1046 2001 tenuiores
1061 1953 1189 2038 propter

253 2023 462 2087 humilitatem
485 2022 778 2098 circumveniantur,
802 2045 842 2085 ne
864 2044 904 2085 ue
922 2023 1138 2108 locupletrbus
1152 2024 1189 2088 ad

253 2130 310 2172 sua
325 2108 374 2172 vel
389 2104 522 2170 tenenda
537 2106 587 2170 vel
610 2107 819 2193 recuperanda
841 2045 924 2172 ‹ibsit
938 2108 1077 2174 invidia:
1102 2133 1188 2195 prae-

253 2208 337 2258 terea
348 2192 598 2278 quibuscumque
606 2193 700 2258 rebus
711 2194 761 2258 vel
771 2192 858 2257 belli⁹
869 2194 919 2257 vel
931 2194 1016 2258 dorni
1026 2206 1185 2280 poterunt,

253 2303 319 2343 rem
344 2278 502 2365 publicam
525 2291 664 2365 augeant
686 2279 827 2365 imperio,
851 2281 946 2366 agris,
964 2281 1187 2368 vectigalibus.

256 2367 346 2431 Haec
362 2381 547 2451 magnorum
563 2362 725 2429 hominum
741 2378 836 2440 sunt;
859 2365 937 2429 haec
952 2365 1037 2451 apud
1053 2368 1187 2452 majores

251 2464 374 2516 nostros
395 2449 559 2526 factitata3
582 2450 659 2515 haec
680 2473 797 2551 genera
818 2451 989 2515 officiorum
1012 2451 1069 2537 qui
1084 2474 1187 2538 perse-

250 2549 400 2625 quuntur,
418 2558 490 2600 eum
511 2558 632 2601 summa
654 2536 790 2600 utrlitate
811 2537 856 2600 rei
872 2536 1017 2622 publicae
1038 2560 1091 2602 ma
1117 2561 1187 2602 nam

250 2624 310 2710 ipsi
336 2623 547 2708 adipiscentur
567 2636 600 2686 et
619 2622 752 2710 gratiam
766 2633 798 2686 et
812 2623 956 2709 gloriam.
999 2624 1053 2688 86.
1103 2648 1124 2686 n
1139 2623 1186 2687 his

250 2720 355 2774 autem
364 2708 538 2772 utilitatum
547 2708 722 2794 praeceptis
733 2707 1037 2794 AntipaterTyrius,
1048 2708 1185 2788 Stoicus,

250 2796 305 2882 qui
323 2793 457 2858 Athenis
469 2817 568 2881 nuper
577 2805 626 2858 est
637 2807 789 2872 mortuus,
800 2795 863 2858 duo
873 2794 1043 2880 praeterita
1054 2797 1187 2860 censet¹⁰

250 2904 317 2946 esse
332 2903 351 2945 a
368 2881 531 2956 Panaetio,
550 2879 735 2944 valetudinis
758 2879 949 2944 curationem
963 2892 995 2944 et
1009 2882 1161 2966 pecuniae
1176 2907 1184 2944 :

249 2990 328 3052 quas
340 2988 415 3030 resa
426 2987 547 3029 summo
559 2965 747 3087 philosopho
758 2966 940 3051 praeteritas
948 2966 1093 3045 arbitror,
1100 2968 1185 3052 quod

249 3051 486 3127 essentfaciles3
502 3051 679 3116 sunteerte¹
703 3051 806 3116 utiles.
841 3051 1184 3116 Sed¹²valetud0¹³sus·

249 3252 309 3298 adde
327 3249 403 3295 Rbode
414 3249 441 3295 dc
454 3248 606 3294 Anacolatlu's
618 3262 641 3307 p.
656 3249 692 3294 10.
734 3247 782 3294 vita
799 3262 818 3294 c.
830 3248 868 3294 42.
903 3244 936 3311 (⁷)
950 3249 1012 3298 Nota
1029 3250 1183 3310 quasi-inter-

250 3316 284 3378 (2)
298 3314 333 3361 Cs.
353 3314 368 3360 i.
389 3313 411 3361 7.
429 3313 467 3360 20.
486 3328 531 3373 apr.
550 3315 694 3361 continetur:
732 3321 907 3373 pretamentum
926 3329 1035 3373 peccam
1053 3316 1080 3361 cl
1099 3315 1131 3360 iii.
1146 3317 1184 3362 12.

248 3382 294 3426 vid.
307 3378 391 3425 March.
403 3379 477 3426 ador.
490 3381 514 3424 ia
523 3378 591 3424 catil.
603 3379 633 3423 iv.
644 3380 664 3424 l.
673 3378 695 3424 2.
734 3380 773 3425 49.
785 3386 844 3424 extr.
856 3380 907 3424 lin:
925 3395 946 3424 ιι.
958 3380 988 3424 ad
1005 3379 1022 3424 i.
1035 3381 1073 3426 21.
1087 3379 1124 3428 71.
1137 3396 1181 3442 spr.

250 3443 283 3508 (³)
297 3445 330 3491 Cf.
343 3443 509 3491 incuratus.
521 3444 558 3489 18.
581 3439 614 3504 (⁴)
625 3443 694 3490 Stue·
747 3440 769 3504 ⁸)
787 3442 806 3488 Ι.
819 3459 840 3491 e.
852 3444 1024 3490 abhorrebunt:
1042 3446 1089 3492 vid.
1106 3445 1184 3492 Nizol.

248 3514 312 3559 rcnb.
335 3514 411 3570 atque,
429 3517 522 3556 notatus
541 3519 696 3569 proptereaa
760 3509 841 3568 lvide
858 3511 888 3555 ad
906 3512 928 3555 5.
950 3511 1044 3570 16.spr.
1078 3510 1182 3573 (¹⁰)Np.

249 3575 368 3634 Madvigio
379 3575 408 3620 ad
420 3576 448 3620 de
460 3575 486 3620 F.
500 3589 522 3633 p.
535 3575 574 3620 65.
597 3571 632 3636 (⁵)
643 3573 694 3619 Uti·
735 3574 869 3635 inscriptis.
905 3571 947 3636 (¹¹)
958 3575 986 3625 Q.
994 3576 1026 3631 d..
1034 3590 1109 3637 neque
1118 3579 1180 3624 euim

248 3658 295 3705 qua
307 3648 387 3689 contra
395 3640 510 3699 atqueillc
519 3639 628 3685 Graecus.
657 3638 694 3684 Sic
735 3640 817 3699 opinor
828 3640 894 3686 illum
905 3640 992 3702 alioqui
1004 3642 1180 3701 praetermissu-

250 3711 307 3768 fleg.
317 3719 412 3757 omnen
424 3705 485 3762 vulg.
494 3705 531 3749 bic
539 3719 598 3750 aune
606 3705 694 3752 victor.-
734 3719 787 3749 rum
808 3719 846 3751 eas
868 3705 951 3761 turcam
975 3720 1030 3752 narn
1050 3713 1104 3752 sunt
1119 3717 1181 3756 certe

248 3776 279 3823 cf.
292 3773 313 3824 7.
326 3771 422 3832 26.spr.
456 3763 490 3832 (⁵)
502 3768 554 3816 Vid.
567 3769 693 3816 Sacrouin
734 3769 810 3818 utiles.
844 3765 1180 3831 (¹²)1.e.cererumsivees
