2450 4478
401 406 479 467 LIB.
495 407 552 466 111.
575 407 661 468 CAP.
679 412 704 468 l.
961 409 1013 468 lll

73 589 154 632 cens
169 591 189 632 a
204 589 251 633 rer
289 565 411 632 ublicae
420 567 635 654 pulcherrimis
649 567 831 633 muneribus
846 567 945 632 otium
956 567 1016 633 sibi

72 654 227 719 sumebat
242 589 412 738 aliquando
423 666 455 718 et
466 676 485 718 a
495 665 587 718 coetu
602 652 764 717 hominum
778 652 1015 739 frequentiaque

72 740 252 817 interdum,
269 750 429 824 tamquam
450 740 482 803 in
498 739 646 825 portum⁵,
663 761 696 803 se
710 739 742 802 in
758 739 957 804 solitudinem
968 763 1014 804 re-

73 825 229 912 cipiebat.
278 824 431 888 Nostrum
451 835 557 890 autem
571 825 671 889 otium
685 827 805 912 negotii
819 825 934 912 inopia,
951 848 1015 890 non

72 909 297 998 requiescendi
311 910 413 975 studio
427 910 632 975 constitutum
647 923 705 974 est.
754 911 921 977 Exstincto
930 912 1014 975 enim

72 1009 191 1061 senatu
206 995 382 1081 deletisque
388 996 524 1083 judiciis,
537 996 613 1081 quid
628 1007 686 1074 est,
703 997 787 1080 quod
804 996 948 1083 dignum⁶
958 1021 1014 1061 no-

73 1083 126 1146 bis
142 1083 249 1148 autin
266 1083 353 1146 curia
366 1093 419 1146 aut
434 1083 467 1145 in
481 1083 549 1145 foro
559 1105 653 1168 agere
665 1081 848 1167 possimus?
893 1089 924 1147 3.
950 1084 1011 1162 Ita,

73 1169 133 1253 qui
162 1170 198 1233 in
223 1168 364 1232 maxima
387 1168 568 1232 celebritate
593 1179 688 1252 atque
709 1167 742 1230 in
765 1168 876 1233 oculis⁷
898 1169 1014 1244 civium

74 1255 240 1340 quondam
256 1251 447 1331 vixerimust
465 1275 550 1316 nunc
561 1255 718 1402 sopientes
730 1267 931 1340 conspectum
947 1278 1013 1320 sce-

74 1340 261 1417 leratorum,
289 1338 403 1424 quibus
428 1339 533 1403 omnia
555 1362 587 1401 re
610 1339 739 1422 undant,
764 1339 921 1404 abdimus9
943 1364 1010 1418 nos,

75 1438 237 1510 quantum
252 1425 338 1500 licet,
355 1436 387 1488 et
401 1447 494 1510 saepe
508 1424 566 1488 soli
581 1446 700 1488 sumus.
735 1425 808 1504 Sed,
826 1426 899 1510 quia
914 1427 958 1490 sic
973 1429 1012 1493 ab

74 1511 260 1576 hominibus
277 1509 383 1581 >doctis
397 1511 583 1596 accepimus,
600 1533 663 1574 non
679 1511 780 1574 solum
795 1534 835 1574 ex
849 1509 939 1575 malis
957 1513 1013 1576 eli·

74 1597 178 1683 gere¹⁰
194 1596 325 1659 minima
338 1608 492 1682 oportere,
504 1595 558 1660 sed
569 1597 663 1660 etiam
674 1618 840 1681 excerpere
852 1619 892 1660 ex
900 1597 1010 1682 ipsis¹¹,

73 1684 101 1746 si
116 1683 196 1767 quid
211 1683 329 1745 inesset
342 1681 435 1757 boni;
458 1693 623 1767 propterea
637 1693 668 1746 et
688 1683 752 1745 otio
766 1683 861 1760 fruor,
878 1703 941 1744 non
955 1683 1011 1747 illo

74 1768 218 1852 quidem,
251 1788 316 1851 quo
344 1767 500 1832 debebat¹²
521 1769 558 1844 ie,
584 1767 638 1852 qui
662 1766 818 1853 quondam
841 1767 1012 1852 peperisset

72 1854 177 1918 otium
193 1851 335 1929 civitati,
358 1875 415 1916 nec
437 1875 505 1916 eam
520 1853 719 1917 solitudinem
732 1852 882 1940 languere
919 1854 1010 1933 atior,

74 1961 174 2024 quam
184 1937 265 2001 mihi
274 1937 362 2001 affert
373 1938 553 2015 necessitas,
565 1962 628 2002 non
640 1937 795 2003 voluntas.
832 1943 864 2003 4.
891 1875 1011 2013 guam-

73 2047 173 2110 quam
198 2023 367 2088 Africanus
388 2025 562 2111 majorem¹³
576 2025 699 2089 laudem
718 2047 788 2088 meo
795 2023 915 2111 judicio
929 2048 1011 2090 asse-

98 2111 252 2175 uebatur:
275 2109 362 2174 nulla
376 2110 458 2174 enirn
473 2111 541 2196 ejus
558 2111 679 2197 ingenii
700 2123 902 2176 monumenta
923 2135 1010 2176 man-

73 2133 149 2260 data
157 2195 267 2272 literis,
275 2195 397 2259 nullum
407 2217 486 2280 opus
497 2196 563 2274 otii,
578 2196 699 2258 nullum
711 2196 887 2261 solitudinis
895 2219 1009 2262 munus

75 2293 196 2346 exstat:
220 2304 261 2344 ex
276 2303 339 2366 quo
350 2279 487 2368 intelligi
498 2281 601 2359 debet,
614 2281 704 2344 illum
713 2281 827 2346 mentis
837 2282 1010 2370 agitatione

74 2366 384 2454 investigationeque
407 2388 513 2430 earum
527 2389 641 2444 rerum,
658 2389 737 2451 quas
752 2368 920 2454 cogitando
935 2391 1009 2431 con-

76 2453 278 2538 sequebatur,
302 2474 360 2516 nec
384 2452 519 2516 otiosum
542 2475 600 2516 nec
622 2451 722 2516 solum
738 2475 887 2538 umquam
902 2453 1008 2518 fuisse.

79 2538 151 2602 Nos
172 2551 289 2614 autem,
306 2539 360 2622 qui
379 2560 441 2601 non
456 2549 579 2602 tantum
596 2538 714 2602 roboris
730 2537 890 2614 habemuS,
907 2551 942 2603 ut
957 2561 1009 2602 co-

76 2624 231 2710 gitatione
255 2622 349 2687 tacita
369 2646 388 2687 a
410 2624 576 2688 solitudine
599 2623 848 2700 abstrahamur¹⁴‚
866 2624 906 2689 ad
927 2623 1007 2689 hanc

77 2708 233 2774 scribendi
255 2730 382 2793 operam
404 2731 495 2772 omne
516 2709 654 2774 studium
674 2731 841 2794 curamque
855 2711 1009 2774 converti·

78 2817 160 2859 mus.
207 2794 321 2879 ltaque
336 2795 427 2879 plura
440 2795 527 2859 brevi
541 2805 680 2880 tempore
695 2817 813 2873 eversa,
824 2817 918 2880 quam
927 2796 1008 2859 mul-

80 2882 120 2945 tis
134 2880 224 2945 annis
239 2889 341 2944 stante
355 2903 388 2943 re
403 2880 540 2966 publica,
558 2880 746 2966 scripsimus·

81 3057 137 3102 haec
155 3054 252 3116 quidem
269 3054 336 3102 facile
346 3055 481 3101 subaudiri:
498 3065 523 3102 at
562 3070 694 3115 quemque:
711 3055 757 3100 vid.
771 3055 878 3102 Bromius
893 3057 922 3102 ad
933 3057 961 3102 de
976 3057 1004 3102 F.

83 3119 321 3180 v.ad.i.2l.7l.spr.
355 3115 388 3181 (⁵)
398 3120 523 3179 anuuta
561 3121 576 3166 i.
589 3123 611 3167 9.
624 3122 661 3167 30.
696 3118 740 3184 (¹¹)
752 3121 789 3166 Sic
808 3121 880 3166 nostri
898 3130 1005 3180 quatuor,

80 3201 98 3232 s.
109 3194 238 3232 mercator:
249 3184 303 3230 aad
310 3185 325 3229 i.
332 3185 481 3244 talsaspr.
488 3180 522 3245 (⁶)
562 3185 647 3231 omisso
667 3187 720 3232 hir:
737 3185 782 3230 rid.
798 3185 913 3246 Wopkens.
931 3185 959 3231 L.
978 3185 1004 3231 Τ.

81 3251 143 3298 Nota
152 3245 347 3312 βραχυλογίαν·
360 3250 374 3295 i.
384 3264 404 3295 e.
413 3250 469 3308 quid
480 3257 522 3306 est,
561 3265 584 3310 p.
597 3250 650 3296 292.
672 3247 796 3311 [39414]
829 3246 1004 3311 (¹²)SicBern.

81 3317 142 3378 quod
162 3316 259 3375 quidem
278 3314 375 3373 dignum
397 3314 463 3360 nobis
484 3315 522 3371 sit,
563 3315 599 3367 3.;
616 3315 646 3360 al.
657 3316 753 3364 debeat:
771 3315 816 3360 vid.
835 3315 919 3362 Mutth.
931 3317 1005 3361 ador.

81 3381 140 3441 quod
151 3395 221 3440 agere
232 3379 363 3440 possimus?
397 3376 429 3440 (⁷)
441 3379 478 3424 cf.
494 3381 522 3426 de
557 3395 601 3440 pro
619 3379 684 3425 Rocc.
695 3380 747 3425 Am.
768 3380 789 3427 l.
806 3381 828 3424 4.
862 3377 905 3442 (¹³)
918 3381 1005 3426 Miram

84 3448 121 3492 Or.
133 3446 158 3491 ii.
172 3447 208 3492 1⁰.
224 3444 272 3499 4l.‚
288 3459 329 3504 pro
340 3444 420 3490 Plane.
433 3442 470 3490 27.
482 3445 520 3489 66.
561 3458 615 3490 vero
632 3444 725 3489 laudem
737 3444 818 3490 tribuit
829 3445 957 3492 Africano!
980 3452 1005 3490 at

82 3507 112 3574 (⁸)
124 3511 143 3558 1.
161 3525 182 3556 e.
201 3509 242 3572 qui
262 3508 363 3554 viximus
378 3517 402 3556 et
418 3509 523 3570 quamvis
562 3509 592 3554 cf.
604 3509 620 3553 i.
632 3508 670 3553 44.
685 3508 866 3570 155.,156.spr.
900 3506 943 3571 (¹⁴)
956 3509 1003 3555 Le.

80 3574 522 3634 vixerimus:caeremplacpudnatth.
561 3587 604 3620 nos
626 3573 786 3619 abstrahamus
802 3589 820 3620 s.
837 3575 951 3635 poscimus
961 3575 1002 3618 ab·

81 3642 109 3689 ad
119 3657 151 3689 or.
161 3656 206 3701 pro
212 3640 279 3686 Rocc.
286 3639 338 3684 Am.
348 3640 369 3684 8.
379 3640 417 3685 23.
440 3635 473 3699 (⁹)
483 3639 521 3685 Cf.
561 3637 677 3684 atrahere:
686 3638 732 3684 vid.
743 3640 857 3699 Wopkens.
867 3641 892 3685 L.
902 3638 1003 3697 T.p.61.

80 3708 105 3754 dc
119 3708 148 3754 D.
164 3706 189 3752 ii.
209 3705 232 3750 2.
252 3705 283 3760 6.,
303 3704 410 3763 “Neque
430 3717 473 3762 ego
484 3717 522 3750 me
562 3699 613 3764 [86.
632 3700 687 3764 Η.],
703 3703 812 3764 idemque
822 3705 848 3750 lo
859 3704 925 3750 Miro.
940 3701 1004 3747 Obu.

80 3771 177 3820 abdidc’.''
213 3765 259 3830 (¹⁰)
277 3770 313 3816 Sc.
335 3783 377 3816 nos
396 3782 414 3814 c,
436 3782 522 3814 unum·
560 3768 618 3816 Noa
630 3777 646 3815 t.
658 3782 680 3814 x,
692 3784 715 3830 p.
727 3771 765 3815 55.
