2450 4478
366 353 444 414 LlB.
467 355 523 413 III.
547 353 638 416 CAP.
652 357 707 413 25.
956 359 1011 416 149

39 516 254 600 promissum
269 537 290 578 a
307 513 488 600 Neptuno?
510 554 512 558 ·
536 514 599 581 Cui
622 535 720 600 quum
744 524 807 579 tres
832 514 1010 601 optationes

43 601 240 688 Neptunus
254 599 403 678 dedisset,
430 600 552 686 optavit
574 600 737 664 interitum
752 600 924 688 Hippolyti
938 601 1007 678 filii,

41 710 154 772 quum
164 687 195 751 is
209 686 295 773 patri
307 697 471 772 suspectus
482 696 563 750 esset
579 685 630 749 de5
640 709 796 750 noverca:
835 710 876 752 uo
886 689 1008 775 optat0⁶

42 775 233 860 impetrato
259 771 405 836 Theseus
429 772 462 836 in
487 771 632 836 maximis
657 771 717 836 fuit
745 710 895 838 luctibus.
953 779 1006 840 95.

47 859 177 932 Quid?
206 860 431 945 Agamemnon
446 880 546 942 quum
573 857 750 922 devovisset
765 859 901 938 Dianae,
924 861 1009 944 quod

44 944 80 1007 in
97 967 167 1010 suo
190 965 294 1030 regno
320 942 575 1044 pulcherrimum⁷
599 954 710 1008 natum
729 956 811 1009 esset
835 945 891 1009 illo
911 969 1005 1024 anno,

44 1030 242 1095 immolavit
261 1027 471 1116 Iphigeniam,
496 1051 559 1114 qua
574 1028 654 1093 nihil
675 1041 743 1094 erat
759 1028 807 1092 in⁸
823 1053 861 1095 eo
882 1031 1009 1117 quidem

46 1139 143 1180 anno
155 1126 274 1180 natum
283 1113 455 1201 pulchrius.
496 1115 690 1180 Promissum
701 1116 806 1200 potius
818 1139 881 1180 non
891 1119 1008 1182 facien-

47 1201 148 1280 dum,
184 1223 283 1286 quam
307 1212 371 1266 tam
395 1209 512 1265 tetrum
545 1201 665 1266 facinus
686 1199 915 1267 admittendum
937 1205 1008 1269 fuit.

53 1287 156 1375 Ergo
171 1301 208 1352 et
227 1287 381 1373 promissa
400 1308 463 1350 non
477 1285 621 1350 facienda
635 1309 882 1372 nonnumquam,
906 1313 1010 1376 neque

51 1397 188 1460 semper
203 1373 349 1459 deposita
362 1371 528 1437 reddenda.
576 1373 611 1436 Si
623 1372 764 1459 gladium
784 1373 854 1459 quis
874 1377 958 1461 apud
979 1387 1010 1441 te

53 1482 142 1524 sana
163 1469 274 1524 mente
298 1457 487 1544 deposuerit,
519 1469 640 1544 repetat
665 1459 847 1534 insaniens;
881 1461 1009 1527 reddere

56 1555 235 1630 peccatum
249 1545 301 1622 sit,
325 1543 462 1608 officium
473 1567 536 1608 non
548 1544 686 1609 reddere.
734 1544 821 1618 Quid
833 1544 892 1609 tsi
903 1546 939 1624 is,
953 1549 1009 1633 qui

56 1630 151 1717 apud
165 1645 199 1695 te
213 1628 382 1716 pecuniam
401 1629 591 1716 deposuerit,
614 1629 732 1694 bellurn
747 1629 858 1694 inferat
877 1633 1007 1716 patriae,

57 1716 219 1781 reddasne
234 1715 439 1802 depositum?
485 1715 559 1780 Non
572 1715 683 1780 credo:
700 1714 794 1780 facias
806 1716 889 1779 euim
901 1731 1010 1782 eontra

58 1825 132 1867 rem
148 1801 323 1889 publicam,
339 1823 420 1888 quae
430 1801 524 1866 debet
536 1823 603 1866 esse
614 1800 782 1866 carissima.
831 1801 885 1866 Sic
896 1802 1007 1881 multa,

60 1911 149 1974 quae
174 1887 311 1952 honesta
332 1898 444 1952 natura
458 1886 603 1952 videntur
618 1909 695 1966 esse,
719 1887 914 1973 temporibus
930 1887 1011 1954 fiunt

60 1997 130 2038 non
146 1973 293 2038 honesta.
340 1972 456 2038 Facere
470 1974 632 2060 promissa,
644 1973 739 2038 stare⁹
753 1975 927 2053 conventis,
940 1976 1011 2039 red-

62 2060 140 2124 dere
154 2059 309 2160 deposita,
333 2071 526 2124 commutata
541 2059 677 2124 utilitate
692 2059 772 2124 fiunt
788 2083 851 2124 non
866 2061 1009 2127 honesta.

65 2146 175 2210 Aede
190 2147 229 2208 irs
244 2144 381 2230 quidem,
407 2167 487 2232 quae
500 2144 643 2209 videntur
658 2169 725 2210 esse
740 2146 891 2210 utilitates
902 2162 1011 2212 eontra

57 2231 224 2316 justitiam
250 2231 449 2296 simulatione
474 2230 669 2317 prudentiae,
701 2233 776 2296 satis
796 2233 928 2297 arbitror
946 2233 1011 2299 dic·

64 2331 148 2382 tum.
194 2317 248 2384 96.
278 2317 350 2395 Sed,
375 2317 524 2403 quoniam
539 2339 559 2380 a
573 2329 709 2400 quatuor
733 2317 874 2382 fontibus
897 2317 1011 2382 hones-

66 2405 142 2468 tatis
158 2403 262 2491 primo
281 2402 361 2467 libro
379 2403 482 2468 officia
496 2401 653 2480 duximus,
677 2402 710 2466 in
732 2404 848 2468 eisdem
873 2403 1010 2468 versabi-

64 2513 150 2568 mur,
175 2511 276 2575 quum
294 2488 478 2554 docebimus
497 2510 544 2565 ea,
566 2509 645 2572 quae
664 2487 809 2552 videntur
828 2511 895 2552 esse
921 2489 1012 2554 utilia

67 2598 175 2663 neque
190 2587 277 2653 sunt,
301 2597 397 2661 quam
412 2575 475 2638 sint
487 2573 611 2638 virtutis
626 2573 764 2637 inimica.
813 2576 861 2639 Ae
875 2575 914 2640 de
936 2598 1011 2663 pru-

66 2661 177 2726 dentia
202 2661 340 2746 quidem,
365 2681 461 2745 quam
487 2660 557 2724 vult
580 2658 695 2722 imitari
717 2658 847 2738 malitia,
872 2663 1011 2747 itemque

66 2747 106 2811 de
130 2747 262 2824 ustitia,
287 2769 369 2832 quae
391 2767 515 2831 semper
540 2756 588 2810 est
614 2744 710 2821 utilis,
734 2743 930 2830 disputatum
953 2761 1011 2812 est.

73 2833 123 2898 Re
136 2834 233 2918 iquae
252 2843 327 2897 sunt
346 2832 427 2896 duae
441 2843 546 2916 partes
560 2829 744 2907 honestatis,
769 2852 904 2916 quarum
915 2834 1014 2898 altera

69 3010 84 3055 'u
96 3011 132 3057 10.
143 3011 182 3056 32.
192 3022 239 3070 apr.
274 3006 305 3069 (⁵)
316 3009 333 3054 Ι.
341 3024 361 3054 e.
374 3009 442 3063 circa,
459 3007 522 3067 quod
562 3014 586 3054 et
597 3005 774 3070 pluraejusdem
783 3009 1012 3068 trajectionisexem-

70 3077 100 3120 ad
110 3088 252 3122 novercam:
270 3073 298 3118 cs.
317 3074 411 3120 Sallust.
431 3073 454 3118 J.
475 3074 522 3128 95.,
562 3073 601 3133 pla
610 3073 671 3131 apud
684 3086 726 3117 nos
738 3071 768 3116 ad
777 3071 809 3118 N.
824 3073 854 3118 D.
866 3075 898 3121 iii.
910 3075 947 3120 34.
958 3077 996 3120 83.
1007 3093 1013 3130 ς

70 3141 137 3186 “nisi
148 3139 212 3200 qnod
229 3139 257 3185 da
268 3153 340 3184 uxore
351 3137 429 3197 potuit
439 3137 523 3183 hones·
563 3137 623 3183 adde
634 3151 680 3196 spr.
689 3136 705 3182 i.
714 3137 735 3181 6.
746 3137 790 3193 la,
803 3137 841 3183 21.
854 3138 901 3195 71„
911 3140 948 3186 38.
960 3140 1012 3188 137,

72 3205 118 3252 tius
138 3204 255 3252 consuli.'‘
289 3198 321 3265 (⁶)
346 3202 432 3248 Delent
447 3207 524 3262 optato
564 3198 598 3263 (⁸)
617 3201 704 3262 Recepi
722 3215 802 3262 praep.
818 3217 847 3248 ex
868 3206 913 3252 Gn.
933 3205 1021 3269 tribus,

72 3272 138 3316 codd.
150 3271 254 3330 aliquot:
275 3268 299 3314 in
314 3283 362 3328 quo
382 3268 523 3326 singularem
564 3266 634 3311 Bern.
644 3266 675 3323 4.,
689 3265 757 3310 Meo:
775 3267 804 3312 ef.
816 3270 880 3327 apud
901 3271 973 3316 Heus.
984 3274 1016 3319 od

71 3338 200 3394 quamdam
213 3334 260 3379 vim
272 3335 348 3379 inesse
356 3331 522 3385 censetOrett,
562 3331 590 3376 F.
601 3344 639 3374 xv.
654 3332 690 3376 16.
703 3331 733 3384 3.,
756 3331 771 3355 “
782 3332 810 3377 ln
830 3333 874 3380 hoe
890 3335 1015 3382 interdicto

72 3403 131 3456 “eo,
149 3400 214 3461 quod
232 3407 279 3444 tam
299 3399 370 3444 stulte
386 3398 435 3457 ipse
454 3405 522 3456 opta·
563 3409 612 3439 non
630 3395 690 3440 solet
707 3393 769 3450 addi,
793 3410 826 3449 m
836 3402 1016 3454 memo?

74 3474 146 3520 verat,
158 3463 307 3524 impetrato.”
342 3458 523 3524 (⁷)1.e.quum
567 3465 591 3505 et
602 3459 670 3504 deN.
682 3458 713 3504 D.
726 3459 751 3504 ii.
763 3460 801 3508 lo.
820 3465 881 3519 102,
899 3467 946 3511 “ia
965 3467 1014 3513 sin-

74 3531 205 3578 devovisset
213 3529 403 3590 pulcherrimum,
412 3527 474 3587 quod
484 3539 526 3571 na·
566 3522 727 3584 gulisannis.¹'
752 3525 805 3574 Vid.
817 3529 887 3574 etiam
899 3529 973 3576 Kritz.
985 3532 1017 3576 ad

76 3590 526 3647 tumerserrctuoi.17.ar.,“v0-
567 3588 692 3636 SallustJ.
705 3589 744 3636 96.
782 3589 815 3655 (⁹)
833 3593 868 3640 ct.
888 3593 903 3640 t.
925 3596 959 3640 ιο.
978 3595 1015 3640 32,

76 3665 134 3710 visse
146 3662 342 3716 dicitur,..uvam
360 3672 385 3703 se
397 3659 442 3703 deo
458 3656 527 3702 datu·
563 3656 683 3714 promtrar'r
702 3657 830 3711 standum
847 3666 871 3704 et
892 3659 967 3706 Seuer.
989 3663 1018 3705 de

77 3745 135 3788 rum,
147 3742 208 3790 quae
218 3727 316 3773 maximo
325 3723 417 3771 essetin
429 3720 496 3769 vinea
503 3720 525 3778 ;’'
566 3717 609 3765 Iro
622 3719 637 3768 i.
649 3721 694 3778 16..
705 3721 775 3770 “Stat
783 3724 856 3771 semel
863 3722 1017 3771 constitutis.''

528 3783 586 3846 02
