2450 4478
353 388 431 452 LIB.
447 387 504 449 111.
525 387 612 449 CAP·
629 391 676 446 lt.
942 390 997 446 133

46 567 85 620 ut
100 554 175 641 ipse
189 551 295 616 dicere
309 549 441 627 solebat,
455 569 520 611 non
541 545 724 648 negotiandi
739 567 833 611 causa
846 547 996 611 contulis-

47 653 112 716 set,
135 637 319 712 dictitabat,
336 657 368 700 se
386 633 528 700 hortulos
549 633 671 718 aliquos
693 653 795 697 emere
816 633 909 710 velle,
932 656 996 718 quo

48 726 191 790 invitare
205 722 325 787 amicos
340 731 372 784 et
386 719 440 786 ubi
463 741 497 784 se
520 719 679 783 oblectare
694 717 762 782 sine
782 719 997 804 interpellato-

50 811 156 877 ribus³
175 817 298 896 posset.
357 805 452 881 Quod
474 827 573 890 quum
592 804 832 890 percrebuisset,
859 804 996 892 Pythius

51 899 81 962 ei
95 897 243 983 quidam,
261 893 317 978 qui
331 891 555 979 argentariam⁴
570 890 699 955 faceret⁵
713 890 889 976 Syracusis,
904 915 998 956 vena-

50 985 98 1049 les
112 982 249 1069 quidem
264 1001 299 1043 se
313 978 420 1042 hortos
428 999 492 1040 non
502 975 641 1053 habere⁶,
653 977 707 1040 sed
717 976 811 1040 licere
822 976 869 1041 uti
884 979 994 1055 Canio,

53 1071 81 1134 si
106 1067 220 1144 vellet,
248 1077 284 1129 ut
306 1065 389 1129 suis:
414 1075 446 1127 et
467 1061 560 1126 simul
580 1062 620 1126 ad
635 1083 765 1126 coenam
779 1061 949 1126 hominem⁷
964 1065 997 1127 in

53 1155 165 1220 hortos
187 1149 337 1216 invitavit
357 1149 391 1214 in
413 1159 573 1235 posterum
593 1147 688 1212 diem.
735 1148 844 1222 Quum
857 1149 911 1214 ille
926 1173 998 1236 pro-

54 1242 207 1315 misisset,
226 1249 296 1301 tum
309 1235 455 1322 Pythius,
469 1235 625 1320 quiesset,
638 1231 730 1298 ut⁸ar
754 1233 900 1311 eutarius,
914 1238 998 1322 apud

56 1347 167 1391 omnes
183 1323 310 1388 ordines
331 1321 498 1409 gratiosus,
515 1319 685 1406 piscatores
707 1257 753 1383 ad
765 1343 797 1384 se
812 1323 997 1387 convocavit

57 1425 87 1479 et
101 1413 142 1478 ab
157 1411 201 1476 iis
217 1409 341 1496 petivit,
353 1418 389 1472 ut
403 1419 476 1472 ante
491 1428 564 1470 suos
576 1405 718 1469 hortulos
732 1406 882 1492 postridie
898 1409 998 1493 pisca-

57 1511 167 1564 rentur
180 1520 189 1573 3
214 1494 369 1579 dixitque,
383 1492 459 1577 quid
471 1514 524 1556 eos
535 1493 636 1556 facere
649 1490 755 1556 vellet.
802 1491 853 1556 Ad
869 1517 998 1558 coenam

57 1599 204 1671 tempore
227 1580 314 1645 venit
331 1579 470 1654 Canius3
494 1578 622 1664 opipare
639 1599 658 1640 a
676 1575 794 1662 Pythio
813 1591 998 1664 apparatum

58 1669 262 1742 convivium3
286 1689 303 1730 c
358 1666 470 1730 barum
484 1675 556 1728 ante
567 1663 873 1740 ooulosmultitnd03
897 1687 953 1750 pro
965 1688 999 1730 se

57 1759 209 1843 quisque,
227 1689 469 1854 quodqdeperat,
494 1749 662 1824 afferebat3
685 1761 758 1812 ante
776 1749 869 1836 pedes
887 1750 998 1836 Pythii

79 1845 161 1908 isoes
185 1837 425 1924 abjrciebantur.
468 1841 521 1903 59.
546 1836 634 1899 Tum
652 1835 782 1911 Canius,
802 1844 823 1875 “
837 1835 998 1914 Quaeso,”

58 1929 175 2015 inquit,
209 1922 319 2009 “quid
344 1934 392 1987 est
413 1921 483 1999 hoc,
511 1920 637 2008 Pythi?
663 1931 829 1984 tantumne
853 1921 996 2007 piscium,

59 2027 231 2081 tantumne
254 2009 439 2096 cymbarum
449 2009 485 2073 ἵν’
533 2007 576 2070 Et
599 2006 663 2084 ille,
689 2007 812 2081 “Quid
835 2008 949 2071 mirum
961 2011 998 2074 ?”

59 2100 178 2187 inquit.
212 2097 320 2160 “Hoc
342 2094 412 2159 loco
430 2104 487 2170 est,
520 2093 684 2179 Syracusis
707 2093 859 2180 quidquid
874 2107 922 2159 est
937 2095 1000 2181 pisa

60 2189 166 2260 cium3
190 2183 243 2247 hic
266 2180 423 2267 aquatio⁹:
447 2178 505 2244 hac
529 2178 603 2243 villa
623 2178 702 2243 isti¹⁰
724 2203 828 2244 carere
850 2204 913 2244 non
951 2204 1000 2245 os-

7 2313 14 2324 ·
62 2273 169 2337 sunt.''
192 2269 345 2333 Incensus
353 2267 473 2331 Canius
485 2264 656 2351 cupiditate
666 2204 997 2352 contenditaPytlrio,

64 2371 98 2423 ut
113 2356 277 2422 venderet.
311 2353 451 2418 Gravate
461 2350 515 2415 ille
550 2351 638 2416 rimo.
675 2350 762 2424 Quid
772 2350 918 2416 multant
941 2353 1000 2415 im-

64 2454 190 2594 petrat:
215 2440 292 2504 emit
306 2437 424 2503 homo¹²
439 2374 570 2523 cupidlls
585 2448 617 2500 et
631 2435 770 2521 locuples
785 2437 875 2515 tanti,
890 2439 1000 2522 quanti

96 2529 207 2616 ythius
222 2524 341 2601 voluit;
364 2535 396 2588 et
412 2523 487 2587 emit
501 2523 682 2586 instructos.
729 2522 868 2586 Nomina
881 2524 1000 2600 facit¹³;

66 2615 231 2703 negotium
246 2610 383 2675 conficit.
416 2609 536 2673 Invitat
551 2607 670 2672 Canius
678 2608 826 2691 postridie
837 2609 1002 2674 familiares

68 2723 148 2767 suos.
199 2697 299 2763 Venit
320 2697 387 2782 ipse
402 2707 543 2758 mature:
567 2692 743 2757 scalmum¹⁴
758 2694 881 2758 nullum
897 2696 998 2760 videt:

69 2785 191 2872 quaerit
206 2805 247 2848 ex
262 2782 405 2868 proximo
420 2780 534 2857 vicino,
546 2801 622 2842 num
632 2778 726 2843 feriae
739 2780 891 2863 quaedam
901 2783 1002 2868 pisca-

69 2888 171 2938 torum
180 2881 296 2946 essent,
307 2867 391 2954 quod
403 2889 456 2931 eos
465 2864 570 2930 nullos
578 2865 706 2930 videret.
745 2875 767 2904 ‘⁶
780 2865 907 2945 Nullae,
920 2868 1003 2952 quod

72 3059 103 3120 (³)
115 3057 235 3108 ctatr.
244 3056 276 3103 vi.
289 3058 325 3103 18.
338 3058 368 3113 5.,
377 3057 392 3083 ‘⁴
403 3055 431 3101 ln
442 3054 515 3100 literis
555 3055 624 3102 Miro.
636 3055 700 3102 oasa.
710 3055 765 3102 Nou.
778 3064 834 3102 tom.
843 3071 865 3103 x.
878 3073 900 3117 p.
910 3059 948 3103 80.
972 3058 1003 3118 (Β)

71 3127 118 3172 riae
128 3126 174 3171 ullo
185 3123 356 3182 interpellatore
367 3119 468 3167 versor.'’
480 3117 516 3182 (⁴)
556 3121 576 3166 l.
589 3135 610 3166 e.
622 3128 717 3181 utpote:
735 3123 767 3168 ric
778 3121 863 3168 iterum
874 3123 910 3168 isr.
923 3125 934 3181 §
948 3126 1002 3170 tu:

74 3191 107 3236 Ct'.
116 3193 139 3236 ia
152 3188 246 3235 Vcrm.
256 3189 294 3232 59.
306 3189 367 3241 155„
379 3187 394 3211 “
403 3185 435 3241 lr,
445 3198 515 3244 quem
555 3186 623 3245 plura
633 3185 717 3243 collegi
728 3189 758 3232 ad
771 3187 864 3234 Sallust.
875 3188 900 3234 C.
911 3189 949 3234 31.
969 3187 1002 3248 (⁹)

73 3255 271 3316 illeargentariam
279 3252 345 3312 Lepti
345 3248 515 3312 serisredicit;”
556 3251 593 3296 Sc.
609 3250 716 3310 piscium.
751 3249 796 3313 (¹⁰)
810 3252 854 3312 Np.
871 3254 1003 3313 piscatores.

73 3319 212 3379 plnraapud
227 3317 303 3362 Nizol
336 3311 370 3377 (⁵)
384 3315 402 3361 1.
414 3330 436 3360 e.
446 3315 515 3360 faeie·
557 3311 599 3375 (¹¹)
612 3315 695 3361 Cfild·
707 3315 746 3362 80.
758 3325 816 3361 extr.
828 3317 868 3363 ifr.
898 3319 941 3380 (¹²)
953 3321 971 3366 1.
982 3337 1003 3366 e.

75 3387 120 3441 bat,
131 3393 202 3429 utres
213 3390 336 3428 narratur:
354 3381 387 3428 sic
397 3379 468 3425 etiam
480 3379 516 3424 in·
557 3385 585 3425 at
603 3380 674 3425 homo
693 3381 798 3439 cupidus.
834 3379 878 3446 (¹³)
893 3383 938 3443 Np.
957 3386 1004 3444 Py.

76 3449 109 3496 t'ra
118 3450 157 3510 qai
166 3453 241 3494 esset:
258 3461 279 3492 r.
291 3447 321 3493 ad
339 3446 354 3492 i.
369 3446 406 3492 lt.
421 3445 459 3490 to.
472 3459 518 3504 spr.
557 3444 635 3490 thius:
652 3445 668 3488 i.
680 3456 700 3488 e.
713 3447 809 3492 nomina
820 3447 887 3494 Canii
899 3457 923 3495 et
934 3465 1004 3510 spon·

78 3509 108 3572 (ὗ)
120 3515 155 3559 Sc.
166 3513 234 3558 dixit.
268 3509 301 3573 (⁷)
315 3512 333 3558 1.
346 3525 367 3556 e.
384 3511 468 3555 illum:
487 3510 518 3555 cf.
558 3523 637 3554 sorum
657 3507 682 3552 in
701 3512 791 3556 tabulas
810 3512 894 3559 refert:
917 3514 945 3559 cf.
961 3529 1004 3573 pro

77 3579 152 3626 διον.
164 3578 180 3623 ἱ.
191 3576 213 3624 7.
226 3575 274 3632 27,
285 3579 323 3622 56.
333 3577 395 3631 239,
404 3574 519 3634 proSert.
558 3573 624 3620 Rrec.
648 3573 700 3618 Am.
725 3578 747 3622 8.
771 3577 817 3632 21,
843 3579 864 3622 9.
891 3579 929 3623 26.
968 3580 1003 3623 De

79 3647 99 3690 9.
119 3645 155 3689 21.
174 3650 199 3688 et
216 3642 263 3695 22..
281 3643 310 3688 de
329 3641 356 3687 F.
374 3654 396 3685 v.
414 3641 453 3685 31.
473 3636 519 3695 tt,
559 3638 634 3697 ellipsi
654 3639 793 3687 nominativi
815 3643 861 3688 vid.
888 3643 1003 3702 ll'oplem.

80 3709 141 3756 Tura.
152 3722 174 3753 r.
186 3707 225 3752 rt.
238 3707 290 3752 61.=
303 3706 348 3752 vid.
359 3705 459 3751 Cortad
468 3704 520 3749 Sul·
560 3703 589 3749 L.
610 3704 636 3750 T.
657 3717 680 3762 p.
695 3705 747 3752 193.
766 3703 834 3766 [264.
846 3704 891 3767 H.]
926 3704 969 3768 (¹⁴)
984 3706 1003 3752 l.

78 3775 128 3822 tart.
151 3773 175 3820 G.
198 3771 237 3818 tt.
257 3775 288 3827 5.,
306 3781 329 3817 et
350 3770 476 3830 Wopkens.
495 3767 520 3814 in
560 3783 581 3815 e.
600 3768 726 3828 vestigium
748 3773 837 3818 nullum
860 3774 1003 3832 cymbarum.

529 3849 551 3891 N
