2450 4478
252 365 305 424 156
599 360 657 421 DE
682 361 863 423 OFFICIIS

245 524 293 610 pit
314 543 452 602 causam,
469 534 506 588 ut
528 533 610 588 esset
621 522 775 608 judicium
797 534 947 587 senatus:
971 522 1024 586 cui
1047 522 1111 586 nisi
1124 521 1178 608 ipse

248 621 360 675 auctor
380 609 500 687 fuisset,
518 609 637 697 captivi
651 610 791 696 profecto
810 609 926 675 Poenis
941 607 1058 673 redditi
1074 621 1178 672 essent.

251 696 303 761 Ita
327 694 494 760 incolumis
515 696 549 759 in
571 695 672 782 patria
696 695 842 782 Regulus
862 693 1042 759 restitisset.
1095 693 1179 769 Quod

244 782 320 867 quia
334 780 453 867 patriae
474 803 538 845 non
561 781 639 846 utile
653 781 793 930 putavit,
808 780 926 846 idcirco
941 779 1002 844 sibi
1017 778 1179 846 honestum

244 879 277 932 et
290 867 406 931 sentire
414 866 470 931 illa
478 878 510 932 et
547 867 652 932 aticre
674 865 742 932 idit.
782 865 879 943 Nam,
892 864 978 952 quod
989 866 1093 940 aiunt,
1105 865 1178 951 quod

243 952 336 1016 valde
348 951 426 1017 utile
437 952 489 1030 sit,
500 953 511 1016 i
544 951 611 1016 fieri
622 952 805 1029 honestum3
820 953 917 1017 immo
929 951 1017 1016 vero⁶
1028 973 1112 1029 esse,
1125 973 1178 1015 non

244 1037 321 1102 fieri.
369 1038 429 1103 Est
440 1039 524 1104 enim
536 1037 616 1102 nihil
625 1038 713 1117 utile,
727 1038 812 1124 quod
822 1038 905 1103 idem
916 1060 980 1102 non
991 1035 1177 1102 honestum:

244 1145 313 1202 nec,
331 1124 406 1210 quia
421 1124 509 1202 utile,
520 1124 706 1200 honestum3
730 1125 794 1203 sed,
808 1125 883 1209 quia
897 1123 1081 1201 honestum,
1098 1123 1177 1188 utile.

247 1210 355 1284 Quare
382 1234 423 1276 ex
445 1211 553 1275 multis
581 1209 777 1276 mirabilibus
802 1208 955 1296 exemplis
985 1207 1073 1274 baud
1095 1209 1178 1274 facile

244 1296 315 1381 quis
339 1297 454 1418 diperit
479 1297 539 1363 hoc
562 1295 708 1382 exemplo
732 1307 788 1362 aut
810 1294 1001 1360 laudabilius
1024 1307 1083 1361 aut
1098 1318 1178 1382 prae

243 1383 403 1448 stantius.

290 1469 438 1535 XXXI.
466 1474 535 1532 lll.
563 1468 626 1532 Sed
638 1491 678 1532 ex
693 1479 762 1534 tota
775 1465 836 1534 bac
848 1465 940 1532 laude
953 1465 1076 1554 Reguli
1088 1489 1178 1532 unum

242 1553 321 1619 illud
336 1567 384 1620 est
398 1554 614 1620 admirationel
629 1554 772 1641 dignum,
790 1553 874 1640 quod
889 1552 1032 1639 captivos
1047 1555 1179 1618 retinen-

244 1640 300 1706 dos
316 1643 448 1707 censuit.
495 1639 592 1718 Nam,
608 1640 693 1727 quod
714 1640 816 1716 rediit,
834 1637 925 1703 nobis
940 1660 1026 1702 nunc
1041 1640 1179 1705 mirabile

244 1727 386 1804 videtur;
409 1729 471 1792 illis
486 1726 614 1813 quidem
625 1726 818 1812 temporibus
829 1725 921 1790 aliter
933 1724 1039 1790 facere
1053 1749 1119 1790 non
1129 1749 1178 1812 po-

243 1813 317 1878 tuit.
351 1814 463 1899 Itaque
474 1813 611 1878 istalaus
622 1834 686 1876 non
696 1811 898 1888 aethernium,
912 1808 966 1874 sed
980 1812 1177 1898 temporum².

246 1899 381 1963 Nullum
402 1900 486 1963 enim
501 1898 662 1963 vinculum
677 1897 718 1962 ad
733 1895 989 1984 adstringendam
1004 1897 1102 1962 fidem
1113 1900 1178 1985 jure

245 1985 375 2049 'urando
396 1986 531 2070 majores
546 1984 662 2048 arctius
677 2005 745 2047 esse
761 1983 938 2048 voluerunt.
987 1983 1027 2046 Id
1041 1983 1178 2049 indicant

238 2007 331 2156 deges
365 2069 398 2132 in
423 2090 486 2132 xn.
513 2067 659 2147 Tabulis,
692 2069 832 2134 indicant
864 2079 1012 2144 sacratae,
1042 2070 1178 2136 indicant

242 2154 379 2232 foedera,
411 2154 528 2240 quibus
553 2154 649 2218 etiam
673 2177 745 2219 cum
767 2154 857 2219 hoste
883 2153 1065 2219 devincitur
1089 2157 1177 2231 fides;

242 2240 383 2306 indicant
398 2239 555 2304 notiones³
569 2240 918 2326 animadversionesque
934 2263 1113 2321 censorum,
1129 2243 1178 2328 qui

243 2327 330 2392 nulla
351 2326 390 2391 de
411 2349 445 2390 re
459 2325 652 2412 diligentius,
669 2349 767 2411 quam
781 2326 821 2390 de
831 2327 903 2412 jure
912 2326 1050 2412 jurando
1061 2329 1179 2414 judiea-

242 2412 330 2478 bant.
379 2416 448 2475 112.
470 2412 509 2475 L.
525 2412 659 2490 Manlio,
679 2415 720 2476 A.
733 2413 783 2488 F,
795 2433 892 2497 quum
909 2411 1046 2477 dictator
1060 2415 1176 2492 fuisset,

245 2498 295 2562 M.
314 2497 519 2599 Pomponiae,
544 2497 689 2564 tribunus
710 2497 808 2584 plebi,
829 2497 923 2562 diem⁴
945 2497 1038 2576 dixit,
1055 2502 1142 2585 quod
1154 2501 1178 2564 is
1210 2515 1211 2530 ³

242 2606 359 2669 paucos
376 2583 435 2648 srbi
460 2583 526 2648 dies
546 2584 585 2648 ad
604 2583 791 2648 dictaturam
805 2583 974 2671 gerendam
988 2585 1176 2651 addidisset:

243 2668 466 2734 criminabatur
480 2671 584 2747 etiam,
597 2669 682 2755 quod
693 2669 806 2733 Titum
820 2669 931 2746 filium,
944 2671 999 2754 qui
1015 2684 1127 2757 postea
1135 2687 1178 2736 est

244 2755 426 2840 Torquatus
435 2756 623 2842 appellatus
637 2757 676 2820 ab
687 2752 867 2820 bominibus
882 2755 1058 2842 relegasset
1073 2773 1107 2824 et
1117 2761 1175 2823 ruri

241 2838 385 2906 babitare
393 2842 550 2928 jussisset.
590 2841 698 2916 Quod⁵
708 2864 807 2927 quum
818 2840 1174 2909 audivissetadolescens

241 2926 324 2992 filius
346 2928 510 3016 negotium
532 2926 673 2992 exbiberi
694 2927 786 3014 patri,
807 2927 977 2992 accurrisse
996 2928 1132 2996 Romam
1146 2943 1173 2994 et

241 3035 314 3078 cum
339 3014 440 3100 primo
462 3013 540 3078 luci⁶
565 3013 734 3098 Pomponii
757 3014 886 3077 domum
912 3013 1034 3078 venisse
1058 3016 1173 3081 dicitur.

244 3099 306 3163 Cui
321 3121 421 3185 quum
434 3109 516 3164 esset
531 3099 729 3174 nuntiatum3
753 3097 821 3184 qui⁷
835 3097 926 3163 illurn
936 3098 1054 3165 iratum
1068 3101 1173 3168 allatu·

242 3286 420 3334 Nisifortcscr.
436 3302 488 3335 reor
504 3301 618 3348 provere.
650 3284 685 3348 (⁷)
727 3289 765 3334 20.
786 3288 833 3346 67,
850 3303 892 3349 pro
911 3289 983 3338 Domo
994 3293 1033 3338 31.
1046 3295 1138 3351 83.,ud
1150 3296 1172 3345 a.

199 3391 202 3397 .
240 3352 375 3399 Videadt.
390 3354 485 3413 19.spr.
726 3353 865 3400 ustas
899 3351 933 3417 (³)
950 3357 1124 3407 videatne.
1139 3361 1173 3406 29.

195 3449 198 3455 «
272 3416 363 3510 XXXI.
378 3415 409 3476 (¹)
420 3418 483 3494 yide
501 3418 531 3465 ad
550 3417 574 3464 ii.
593 3418 630 3464 16.
648 3419 686 3512 tp.
727 3434 786 3478 spa:
805 3420 866 3512 add.6
878 3419 962 3468 Mattb.
977 3422 1007 3468 ud
1021 3437 1055 3470 or.
1061 3439 1107 3486 pro
1114 3426 1174 3472 Sallu

323 3478 443 3608 tnn-
457 3479 687 3596 enm-n
727 3481 1174 3616 {nertintuentes

241 3625 292 3662 tra:
315 3614 345 3660 cf.
364 3615 391 3660 de
409 3613 478 3660 Pron.
498 3613 563 3660 Cone.
583 3615 620 3659 19.
641 3615 689 3667 46..
728 3629 778 3660 cnm
792 3617 871 3674 primu
883 3617 951 3664 luce:
967 3617 1013 3664 vid.
1026 3619 1136 3667 schottus
1146 3623 1175 3668 ad

241 3677 687 3739 “censoriumjudiciumacnottonem.”
729 3680 1109 3732 Aurel.Vict.deCacs.17.10.
1142 3684 1173 3746 (⁷)

242 3741 275 3807 (⁴)
296 3745 332 3793 Cf.
350 3744 419 3792 Brut.
437 3743 475 3790 ts.
494 3741 555 3800 179,
567 3745 591 3790 in
604 3745 688 3790 Gocctl.
729 3745 749 3791 1.
766 3759 786 3792 e.
803 3746 904 3794 surrexit
919 3755 946 3794 ut
962 3747 1003 3806 qui
1019 3750 1174 3800 arbitraretur.
