2450 4478
231 399 286 456 136
497 337 503 356 Ι
572 397 631 460 DE
653 397 836 458 OFFICIIS

228 556 261 622 id
273 565 459 632 statuerunt,
467 556 494 620 si
506 556 648 622 venditor
662 556 765 636 sciret,
776 558 838 622 nisi
849 558 1042 625 nominatim
1054 560 1175 626 dictum

229 654 322 719 esset,
339 642 489 729 praestari
504 657 660 728 oportere.
704 645 756 710 66.
780 644 840 721 Ut,
857 665 957 730 quum
973 646 1007 709 in
1024 669 1101 712 arce
1121 669 1175 710 au-

253 729 355 792 urium
369 749 505 814 augures
519 729 633 793 acturi³
647 741 752 794 essent
763 731 997 816 jussisseutque
1016 733 1061 796 T.
1077 733 1176 800 Clau-

228 751 314 878 dium
323 814 557 891 Centumalum,
567 815 622 900 qui
633 815 725 880 aedes
735 816 766 878 in
779 817 889 881 Caelio
899 830 1011 882 moute
1020 817 1172 894 habebat,
1202 863 1203 922 p

228 899 369 963 demoliri
379 899 439 976 ea⁴,
450 923 583 984 quorum
591 901 727 966 altitudo
735 902 871 966 officeret
882 903 1055 988 auspiciis3
1075 904 1175 970 Clau-
1202 957 1203 962 ,

228 985 298 1048 dius
309 985 489 1071 proscripsit
497 986 659 1050 insulam⁵r
670 987 822 1052 vendidit:
838 987 913 1051 emit
926 988 966 1052 P.
976 990 1174 1075 Calpurnius
1202 1041 1203 1044 η

231 1071 397 1136 Lanarius.
434 1072 521 1136 Huic
532 1071 572 1136 ab
583 1073 756 1158 auguribus
765 1073 844 1136 illud
854 1073 937 1136 idem
947 1074 1173 1140 denuntiatum

230 1169 289 1221 est.
337 1157 449 1243 Itaque
470 1158 529 1222 Cal
554 1158 662 1222 urnius
684 1181 782 1244 quum
803 1159 970 1224 demolitus
1004 1173 1090 1226 esset
1123 1184 1174 1225 co·

227 1180 606 1330 gnossetque,Claudium
614 1244 707 1308 aedes
718 1257 828 1345 postea
836 1246 1068 1332 proscripsisse,
1101 1269 1173 1312 uam

229 1329 372 1394 essetab
398 1330 572 1416 auguribus
594 1329 735 1394 demoliri
755 1332 873 1418 jussus,
897 1331 1090 1396 arbitrum⁶‘
1121 1355 1173 1396 um

228 1415 345 1502 adegit,
364 1437 528 1487 ernovrn
545 1435 613 1480 srsr
632 1437 723 1480 nanu
743 1439 876 1482 racana
893 1438 1111 1482 oroarasur
1127 1440 1172 1481 ax

229 1523 310 1564 rrnrr
326 1523 433 1566 sons.
481 1501 530 1566 M.
550 1503 632 1566 Cato
646 1503 833 1567 sententiam
848 1502 939 1580 dixit,
956 1502 1056 1590 hujus
1070 1505 1171 1569 nostri

232 1588 364 1653 Catonis
402 1599 488 1654 ater:
514 1598 549 1653 ut
564 1587 645 1652 enim
661 1590 756 1652 ceteri
765 1611 806 1652 ex
817 1589 969 1675 patribus,
984 1591 1029 1654 sic
1039 1589 1105 1669 hic,
1117 1593 1171 1676 qui

228 1674 336 1738 lumen
362 1612 439 1739 iliud
461 1673 640 1762 progenuit,
658 1695 698 1738 ex
720 1674 786 1738 filio
800 1686 849 1738 est
864 1675 1087 1742 nominandus.
1137 1677 1169 1740 Is

228 1759 327 1848 igitur
335 1761 434 1847 judex
447 1760 493 1824 ita
507 1759 743 1846 pronuntiavit:
766 1783 866 1845 quum
876 1761 909 1823 in
922 1761 1088 1826 vendendo
1104 1785 1169 1827 rem

229 1869 298 1911 eam
308 1849 416 1910 scisset
425 1857 456 1910 et
467 1868 531 1909 non
541 1846 781 1931 pronuntiasset,
795 1847 905 1910 emtori
916 1846 1067 1912 damnum
1079 1871 1169 1934 prae-

229 1934 304 1997 stari
319 1944 474 2018 oportere.
519 1932 571 1998 67.
587 1931 675 2018 Ergo
690 1932 730 1996 ad
740 1931 833 1996 fidem
844 1932 960 1996 bonam
969 1932 1087 2016 fetatuit
1096 1957 1169 2021 per·

209 2015 338 2093 'tinere
356 2028 467 2079 notum
480 2038 548 2080 esse
570 2019 682 2081 emtori
696 2018 818 2094 vitium,
836 2018 921 2103 quod
935 2031 1045 2083 nosset
1060 2019 1168 2084 vendi-

229 2117 289 2166 tor.
336 2102 432 2174 Quod
446 2102 472 2166 si
487 2113 571 2165 recte
582 2103 746 2189 judicavit,
764 2126 827 2168 non
847 2114 930 2168 recte
945 2105 1167 2170 frumentarius

228 2189 292 2264 ille,
315 2209 377 2250 non
400 2197 484 2251 recte
507 2187 631 2252 aedium
652 2190 866 2275 pestilentium
891 2189 1035 2254 venditor
1058 2191 1166 2256 tacuit.

233 2274 297 2338 Sed
311 2271 493 2359 hujusmodi
508 2273 689 2340 reticentiae
701 2277 773 2362 jure
796 2274 882 2340 civili
904 2298 1012 2340 omnes
1028 2299 1167 2364 compre-

228 2359 323 2424 hendi
347 2382 410 2422 non
436 2371 585 2444 possunt:
609 2383 689 2446 quae
710 2373 817 2426 autem
838 2373 981 2447 possunt,
998 2361 1166 2450 diligenter

228 2456 386 2510 tenentur.
409 2501 416 2514 ,
433 2445 482 2509 Μ.
500 2445 624 2511 Marius
644 2447 860 2525 Gratidianus
903 2448 1079 2533 ropinquus
1093 2472 1164 2513 nos-

229 2542 286 2608 ter,
308 2533 347 2596 C.
367 2531 479 2618 Sergio
498 2533 614 2598 Oratae
637 2533 819 2598 vendiderat
899 2555 932 2597 es
950 2556 1013 2611 eas,
1032 2557 1111 2620 quas
1126 2536 1163 2600 ab

229 2618 339 2680 eodem
361 2616 428 2702 ipse
450 2620 558 2704 paucis
583 2630 656 2684 ante
681 2620 770 2684 annis
792 2631 920 2684 emerat.
967 2619 1035 2684 Eae
1054 2622 1164 2708 Sergio

228 2702 434 2766 serviebant⁷:
457 2705 511 2768 sed
522 2704 625 2770 hocin
635 2703 803 2792 mancipio⁸
819 2705 942 2770 Marius
956 2727 1019 2769 non
1036 2706 1162 2772 dixerat.

234 2788 380 2853 Adducta
394 2811 443 2853 res
457 2790 491 2854 in
502 2790 655 2876 judicium
671 2803 730 2856 est.
778 2791 911 2858 Oratam
924 2792 1069 2871 Crassus,
1086 2792 1163 2858 Gra-

228 2875 381 2940 tidianum
403 2875 589 2941 defendebat
606 2877 775 2943 Antonius.
828 2878 887 2942 Jus
917 2878 1051 2943 Crassus
1074 2901 1161 2966 urge-

228 2961 284 3025 bat
297 2984 306 3037 ;
329 2960 415 3045 quod
437 2962 506 3026 vitii
521 2962 665 3027 venditor
678 2985 742 3027 non
756 2963 886 3028 dixisset
900 2964 1012 3041 sciens,
1029 2964 1094 3029 ido
1116 2988 1161 3029 or-

228 3056 294 3110 tere
309 3048 479 3133 praestari:
502 3049 694 3133 aequitatem
705 3050 864 3114 Antonius
878 3073 887 3125 ;
932 3050 1060 3114 uoniam
1072 2989 1160 3116 idri-

229 3131 308 3196 tium
323 3132 468 3218 ignotum
486 3134 598 3221 Sergio
613 3157 677 3200 non
691 3135 812 3213 fuisset,
829 3135 885 3222 qui
898 3072 969 3202 ilias
983 3136 1075 3202 aedes
1090 3160 1158 3202 ven-

228 3322 261 3388 (3)
273 3324 310 3372 cf.
328 3325 357 3370 de
373 3325 403 3371 D.
421 3325 435 3370 i.
455 3325 492 3373 17.
504 3325 543 3370 32.
577 3320 610 3386 (⁴)
623 3324 642 3370 1.
655 3339 675 3372 e.
714 3325 783 3380 visse,
794 3331 821 3370 ut
831 3324 875 3384 ipsi
888 3323 1045 3379 servirentfir.
1055 3340 1074 3372 e.
1084 3326 1157 3386 prori-

228 3405 268 3438 eas
278 3389 377 3436 aedificii
390 3398 474 3451 partes.
509 3387 543 3452 (⁵)
560 3389 597 3436 Ita
611 3390 674 3436 dice·
715 3390 747 3436 mi
771 3390 883 3436 domicilii
905 3390 1050 3436 stillicidium
1074 3393 1156 3452 recipe·

228 3462 295 3502 batur
306 3455 397 3510 domus,
413 3471 473 3516 quae
489 3470 594 3502 seorsum
611 3455 675 3502 stetit
715 3463 776 3510 rent,
788 3455 853 3513 tigna
870 3456 1021 3510 sustinerent,
1034 3457 1113 3502 lumini
1129 3471 1155 3503 ue

227 3533 315 3581 suaque
332 3534 387 3566 area
404 3521 508 3582 undique
525 3521 674 3579 cingebatur:
715 3521 842 3576 officerent,
851 3521 933 3566 ceteri
943 3520 1082 3567 utilitatibus
1089 3521 1156 3568 inser·

227 3587 255 3636 cs.
270 3601 311 3647 pro
329 3585 392 3632 Caci.
409 3586 430 3632 7.
450 3586 487 3633 17.
503 3592 528 3631 et
538 3587 640 3646 Philipp.
653 3600 675 3632 x.
715 3585 798 3632 virent.
833 3585 950 3630 Nimirum
967 3585 1066 3631 astutiae
1081 3599 1154 3633 exem·

227 3654 250 3700 4.
272 3653 293 3698 8.
327 3645 362 3714 (ὓ)
377 3652 394 3698 i.
406 3665 427 3696 e.
448 3651 478 3696 ud
497 3651 626 3696 arbitrum:
644 3652 675 3696 cf.
715 3651 780 3710 plum
802 3650 869 3710 ponit
880 3650 929 3696 cic.
949 3649 987 3696 ef.
999 3651 1027 3696 de
1040 3650 1078 3697 Or.
1095 3652 1109 3697 i.
1119 3653 1153 3697 ³9.

225 3733 268 3778 pro
286 3717 353 3764 Rom.
373 3715 398 3763 0.
413 3717 435 3762 9.
451 3717 490 3762 25.
524 3710 557 3774 (⁷)
569 3716 676 3774 intellige
719 3714 771 3762 178.
805 3711 903 3776 (⁸)vid.
921 3715 1007 3762 Matth.
1022 3716 1052 3762 ad
1069 3731 1100 3763 or.
1115 3731 1154 3778 pro

227 3782 336 3842 Sergium
347 3782 478 3830 antenatus
488 3781 628 3828 vendentem
637 3795 675 3828 ca·
716 3779 781 3826 Mor.
793 3781 815 3826 2.
828 3781 852 3828 ³.
