2450 4478
218 344 274 404 122
578 344 634 404 DE
654 343 827 407 OFFlCllS

208 501 336 586 jurium.
384 499 435 567 Ita
456 524 579 592 semper
603 504 705 569 officio
728 505 889 592 fungetur,
918 504 1054 572 utilitati
1079 530 1149 573 con-

211 587 317 652 sulens
339 587 503 652 hominum
517 601 549 655 et
564 590 604 669 ei,
651 612 723 656 uam
736 613 829 677 saepe
844 613 1068 672 commemoro,
1094 594 1150 657 hu-

210 695 323 738 manae
337 673 490 739 societati.
534 681 587 740 32.
650 699 713 755 am,
738 676 822 760 quod
837 676 876 740 ad
898 676 1065 743 Phalarim
1079 679 1150 744 atti·

211 770 276 835 net,
300 759 446 844 perfacile
458 761 613 847 judicium
628 773 686 826 est.
732 761 833 826 Nulla
855 761 939 826 enim
960 763 1079 829 bonis¹²
1102 787 1150 828 so-

211 843 309 908 cietas
340 867 413 909 cum
447 848 610 935 tyrannia:
631 847 685 912 sed
710 846 815 932 potius
840 870 963 913 summa
986 850 1150 915 distractio
1219 861 1221 866 ’

211 944 280 1005 est3
302 953 404 1017 neque
415 943 464 997 est
478 948 587 997 contra
600 944 745 998 naturam
756 933 890 1019 spoliare
898 957 983 1013 eum,
999 936 1028 999 si
1036 936 1147 1022 possis,

211 1036 306 1099 quem
321 1029 369 1082 est
383 1016 551 1083 honestum
576 1041 704 1084 necare:
728 1029 824 1104 atque
848 1019 909 1083 hoc
934 1043 1028 1085 omne
1048 1045 1150 1108 genus

211 1101 394 1184 pestiferum
416 1116 512 1189 atque
534 1105 666 1191 impium
681 1128 722 1169 ex
744 1102 907 1168 hominum
922 1107 1151 1172 communitate

212 1187 484 1254 exterminandum
499 1201 557 1255 est.
605 1191 743 1268 Etenim,
767 1203 804 1254 ut
828 1190 970 1256 membra
993 1193 1150 1277 quaedam

211 1283 425 1357 amputantur,
450 1276 476 1340 si
490 1276 606 1362 etipsa
620 1276 774 1363 sanguine
794 1287 826 1341 et
851 1289 1014 1361 tamquam
1037 1278 1149 1364 spiritu

211 1379 315 1422 carere
327 1373 497 1446 coeperunt
512 1372 544 1425 et
559 1373 674 1426 nocent
688 1362 818 1446 reliquis
832 1361 975 1447 partibus
991 1365 1147 1450 corporis;

212 1443 257 1506 sic
271 1443 343 1523 ista,
365 1446 424 1511 in¹³
438 1447 542 1535 ligura
554 1446 701 1525 hominis,
724 1447 831 1512 feritas
845 1458 878 1512 et
898 1448 1081 1514 immanitas
1096 1451 1149 1515 be-

211 1529 282 1594 luae
308 1553 328 1596 a
351 1533 509 1598 communi
529 1545 690 1618 tamquam
709 1531 913 1598 humanitatis
929 1535 1085 1621 corpore¹⁴
1101 1559 1149 1600 se-

211 1619 373 1703 greganda
387 1632 446 1685 est.
493 1619 600 1706 Hujus
609 1618 733 1706 generis
742 1619 941 1704 quaestiones
952 1631 1028 1684 sunt
1040 1644 1148 1686 omnes

212 1723 276 1780 eae,
301 1703 333 1766 in
349 1705 463 1791 quibus
478 1729 518 1769 ex
533 1717 596 1769 tem
620 1727 672 1768 ore
687 1704 823 1769 officium
838 1705 1026 1789 exquiritur.

258 1789 343 1854 VII.
369 1795 422 1856 33.
452 1727 618 1876 Ejusmori
630 1790 739 1890 igitur,
763 1790 866 1869 credo,
889 1813 939 1855 res
957 1791 1146 1857 Panaetium

212 1876 457 1959 persecuturum¹
474 1876 579 1953 fuisse,
604 1876 664 1939 nisi
678 1875 775 1961 aliqui
790 1897 879 1940 casus
905 1887 960 1941 aut
980 1881 1148 1964 occupatio

211 1959 376 2024 consilium
388 1962 455 2046 ejus
468 1961 677 2060 peremisset².
723 1960 775 2025 Ad
789 1983 867 2047 quas
881 1962 966 2048 ipsas
986 1964 1147 2028 consulta-

211 2045 312 2108 tiones
324 2045 583 2130 et³supenoribus
594 2045 682 2110 libris
691 2047 766 2111 satis
774 2047 873 2111 multa
881 2063 1052 2134 praecepta
1062 2061 1145 2127 sunt,

210 2130 326 2278 quibus
348 2131 481 2218 perspici
519 2132 606 2210 ossit,
630 2131 707 2217 quid
721 2132 762 2196 sit
774 2144 904 2232 propter
919 2135 1146 2220 turpitudinem

224 2215 414 2302 ugiendum3
437 2153 517 2301 quid
539 2217 591 2295 sit,
615 2217 701 2303 quod
723 2218 837 2283 idoneo
867 2219 1057 2305 fugiendum
1081 2243 1144 2285 non

210 2301 263 2379 sit,
287 2301 371 2388 quod
385 2303 512 2366 omnino
524 2313 615 2389 turpe
630 2325 693 2367 non
709 2303 760 2367 sit.
808 2303 881 2382 Sed,
899 2306 1049 2389 quoniam
1061 2306 1146 2392 operi

209 2386 367 2466 inchoato,
392 2410 489 2473 prope
505 2399 610 2456 tamen
625 2388 781 2466 absoluto,
805 2400 966 2475 tamquam
981 2391 1145 2479 fastigium
1219 2447 1220 2470 .

208 2473 252 2536 im
276 2474 398 2538 onimus
411 2497 421 2550 3
443 2484 479 2538 ut
492 2477 686 2561 geometrae⁴
700 2474 802 2538 solent
824 2497 888 2538 non
903 2476 1009 2540 omnia
1022 2476 1144 2554 docere,

208 2497 274 2623 sed
278 2559 448 2645 postulare,
472 2573 508 2625 ut
523 2561 675 2646 quaedam
689 2559 749 2624 sibi
764 2561 985 2639 concedantur,
1009 2585 1074 2647 quo
1099 2564 1144 2626 fa-

209 2643 309 2721 cilius,
334 2667 415 2730 quae
430 2646 552 2724 volunt,
577 2646 756 2733 explicent3
780 2645 824 2710 sic
840 2669 901 2733 ego
919 2669 939 2710 a
959 2658 990 2711 te
1006 2649 1143 2734 postulo,

207 2730 251 2793 mi
269 2730 391 2809 Cicero,
416 2743 451 2797 ut
461 2731 539 2796 mihi
550 2731 712 2809 concedas,
736 2732 763 2796 si
777 2742 878 2816 potes,
902 2732 995 2810 nihil,
1022 2744 1146 2818 praeter

207 2815 250 2895 id,
298 2816 359 2880 uod
373 2816 541 2883 honestum
556 2818 607 2896 sit,
632 2828 760 2903 propter
774 2840 807 2882 se
830 2839 897 2881 esse
921 2820 1143 2904 expetendum.

213 2901 269 2966 Sin
275 2838 343 2966 irco
358 2926 421 2967 non
435 2903 510 2967 licet
521 2926 577 2989 per
590 2903 787 2989 Cratippum,
800 2913 834 2967 at
844 2903 924 2967 illud
935 2915 1019 2969 certe
1030 2904 1142 2984 dabis³,

208 2987 293 3073 quod
307 2986 476 3054 honestum
493 2989 544 3066 sit,
568 2987 601 3051 id
616 3009 683 3053 esse
703 2987 840 3058 maxime
855 2999 984 3077 propter
999 3012 1033 3054 se
1048 3013 1144 3076 expe-

208 3072 348 3138 tendum.
380 3073 480 3162 ,Mihi
496 3075 649 3139 utrumvis
668 3074 744 3144 satis
759 3086 829 3151 est3
853 3085 885 3139 et
899 3085 969 3140 tum
982 3074 1054 3154 hoc,
1077 3087 1143 3140 tum

209 3271 224 3294 “
231 3269 284 3320 Quo
294 3271 373 3331 plnres
381 3271 422 3318 det
432 3272 475 3319 sibi
482 3279 602 3334 tamquam
612 3287 655 3318 aa·
696 3272 772 3332 figura
785 3271 816 3318 sit
831 3271 947 3319 hominis:
958 3272 1005 3318 rid.
1017 3273 1102 3320 Matth.
1113 3276 1142 3320 sd

207 3337 540 3396 rmadreprehendendum.”
563 3334 607 3400 (¹²)
620 3339 657 3385 lta
696 3352 729 3384 or.
738 3352 781 3397 pro
792 3337 857 3383 Rom.
866 3339 919 3386 Am.
927 3339 949 3384 ⁸.
957 3339 996 3383 22.
1018 3335 1142 3400 (¹⁴)codn.

208 3400 297 3461 conjeci
313 3416 319 3445 ε
336 3403 399 3461 vulg.
419 3405 484 3450 nulla
504 3404 564 3450 enim
585 3405 655 3450 nodia.
694 3402 743 3449 sere
754 3403 895 3449 humanitate
905 3405 1011 3462 corporis.

209 3467 241 3514 At
251 3465 352 3527 primum
359 3466 410 3525 ipsa
417 3468 522 3527 quaestio
536 3468 588 3525 suit,
599 3468 656 3528 qnid
729 3468 784 3514 Vll.
797 3462 831 3528 (¹)
844 3467 903 3514 Vide
913 3468 943 3514 ad
957 3467 982 3513 ii.
999 3467 1039 3513 24.
1049 3467 1087 3516 87.
1097 3483 1141 3530 spr.

207 3531 293 3578 faceret
304 3532 339 3577 vir
351 3533 437 3579 bonus.-
448 3533 542 3588 deinde,
558 3535 621 3594 quod
632 3534 655 3580 h.
697 3528 730 3594 (¹)
743 3532 796 3578 Vid.
808 3531 884 3579 Nicol.
916 3528 952 3593 (³)
969 3533 1055 3593 Scripsi
1073 3540 1102 3590 et,
1117 3534 1140 3580 h.

207 3599 222 3644 l.
234 3597 327 3654 dicitnr,
344 3597 434 3642 nnllam
448 3598 583 3644 societatem
602 3613 656 3645 cum
696 3597 805 3651 aetiam,
824 3612 868 3657 pro
887 3599 949 3656 vulg.
971 3613 1006 3653 aa,
1024 3597 1083 3644 nihil
1099 3613 1140 3656 ego

207 3663 322 3723 tyrannis,
333 3662 374 3708 sed
390 3663 467 3722 potius
478 3677 594 3709 nmmum
609 3663 656 3710 dis·
696 3663 777 3722 utiquc
788 3663 815 3708 1..
827 3662 918 3708 Vallum
932 3677 1022 3709 verens.
1062 3662 1139 3728 (⁴)0f,

207 3729 344 3776 tractionem
355 3741 414 3784 esse,
422 3727 447 3773 id
457 3741 505 3774 non
517 3727 601 3776 nitide
613 3731 656 3776 bo·
697 3728 725 3773 de
741 3728 770 3774 F.
783 3741 803 3772 v.
815 3727 853 3774 28.
873 3728 920 3782 8³..
941 3726 1007 3775 Tusa.
1024 3741 1046 3774 v.
1063 3727 1085 3776 t.
1104 3728 1141 3780 18.

207 3792 453 3854 nieveredicipotuit.
478 3789 575 3855 (¹³)l.e.
583 3807 656 3853 quum
697 3787 731 3854 (⁵)
744 3792 763 3839 l.
775 3807 795 3840 e.
808 3792 934 3838 concedes:
951 3791 1019 3840 cide
1032 3793 1138 3858 Mitt·
