2450 4478
395 360 467 422 LIB.
490 359 547 418 ΙΙΙ.
575 360 664 420 CAP.
685 363 733 423 23.
979 358 1034 417 147.

62 521 172 602 eujus
195 522 308 602 mapis
328 524 456 585 intersit
479 523 530 586 uel
551 544 611 586 sua
634 524 684 585 uel
705 523 755 582 rei
772 521 920 602 publicae
934 541 1033 583 causa

67 609 203 671 viuere.
260 607 354 684 Quid
362 613 377 670 l
399 611 429 670 si
443 609 520 671 baec
530 612 629 689 paria
645 611 679 670 in
694 612 853 689 utroque?
899 607 1034 670 Nullum

66 696 141 756 erit
158 703 355 765 certamem·
377 695 441 770 sed,
462 697 557 778 quasi
570 703 655 758 sorte
680 702 737 756 aut
760 695 905 758 micando
920 695 1032 767 uictus,

68 782 184 842 alteri
205 779 297 842 cedet
317 780 410 841 alter.
469 780 583 857 Quid?
610 783 641 842 si
658 777 779 860 pater¹³
795 780 883 858 fizna
906 780 1032 860 eupilet,

69 867 255 929 cuniculos
281 873 361 944 aqut
375 866 418 927 ad
430 869 594 929 aerarium
607 888 619 938 ,·
642 866 798 927 indicetne
814 867 849 926 id
861 869 1034 946 mapistrn-

70 953 170 1014 tibus
186 949 340 1034 filius¹³l
385 951 486 1032 Nefas
512 953 547 1014 id
569 953 693 1032 quidem
717 960 775 1013 est.
827 951 916 1028 Quin
940 953 1035 1014 etiam

71 1037 242 1118 defendat
265 1046 403 1118 patrem,
427 1040 457 1100 si
478 1047 646 1117 arpuatur.
690 1037 766 1099 Non
795 1038 896 1118 ipitur
920 1039 1035 1120 patria

69 1131 238 1204 praestat
253 1124 395 1186 omnibus
408 1126 545 1204 officiis?
591 1123 693 1185 Immo
712 1143 807 1187 uero:
829 1124 886 1186 sed
900 1127 963 1204 ipsi
973 1144 1037 1203 pa-

76 1212 175 1272 triae
193 1209 356 1282 conducit,
365 1213 440 1290 pios
448 1209 561 1273 babere
569 1213 652 1273 ciues
662 1212 695 1272 in
701 1207 888 1292 parentent
925 1208 1016 1285 Quid
1021 1216 1034 1269 t

79 1298 114 1356 si
144 1293 355 1376 tyrannidem
379 1315 541 1375 occupare,
566 1299 596 1358 si
616 1298 761 1378 patriam
779 1296 916 1375 prodere
942 1316 1036 1357 cono-

81 1383 178 1444 bitur
188 1389 314 1462 pater‚·
337 1381 481 1444 silebitne
485 1382 607 1463 filius?
652 1380 754 1443 Immo
775 1399 849 1443 uero
864 1381 1037 1444 obsecrabit

80 1475 232 1548 patrem,
258 1486 298 1528 ne
312 1467 348 1527 id
350 1467 472 1545 senciat.
522 1469 562 1530 Si
574 1467 658 1529 nibil
665 1467 824 1549 proficiet,
846 1468 1010 1530 accusabit
1023 1489 1036 1538 5

84 1553 272 1615 minabitur
287 1554 404 1614 etiam:
427 1555 472 1615 od
485 1562 666 1627 entremum,
690 1554 720 1614 si
733 1551 778 1614 ad
787 1553 961 1632 perniciem
976 1573 1037 1633 pa-

85 1642 178 1700 triae
205 1657 258 1700 res
285 1639 447 1718 spectabit,
467 1641 598 1719 patriae
623 1639 758 1701 salntem
787 1645 957 1717 anteponet
985 1659 1038 1700 sa-

87 1721 181 1788 luti¹⁵
201 1726 323 1804 patris.
376 1727 428 1790 91.
457 1722 590 1797 Quaerit
614 1723 718 1799 etiam,
742 1725 773 1784 si
801 1725 928 1804 sapiens
947 1723 1039 1784 adul-

89 1813 218 1872 terinos
252 1828 394 1872 nummos
429 1815 586 1892 acceperit
624 1809 805 1892 imprudens
835 1827 899 1890 pro
936 1809 1035 1882 bonis,

89 1915 193 1978 quum
223 1896 260 1956 id
277 1897 432 1972 rescierit,
455 1899 657 1960 soluturusne
678 1898 722 1958 sit
748 1915 810 1971 eos,
842 1896 874 1956 si
904 1897 956 1956 cui
984 1895 1039 1962 de-

90 1985 179 2057 beat,
211 2000 274 2062 pro
304 1981 402 2043 bonis.
462 1980 627 2068 Diogenes
657 1979 749 2056 nit¹¹¹3
786 1978 956 2065 Antipater
985 2001 1039 2042 ne-

90 2079 153 2152 gat
166 2089 175 2141 3
199 2064 252 2129 cui
268 2064 373 2150 potius
389 2067 552 2130 assentior.
603 2067 671 2144 Qui
684 2064 952 2149 uinumfuqiens¹⁷
968 2088 1039 2130 uen-

92 2155 155 2216 dat
177 2154 293 2228 sciens,
325 2152 472 2217 debeatne
495 2155 629 2217 dicere?
687 2151 764 2216 Non
792 2173 919 2218 necesse
948 2163 1040 2236 putat

95 2237 287 2338 Diogenem
303 2237 471 2323 Antipater
485 2237 545 2301 viri
560 2237 636 2302 boni
650 2237 820 2302 existimat.
858 2237 949 2300 Haec
966 2248 1040 2300 sunt

95 2345 190 2407 quas1
205 2333 406 2387 controversa
415 2325 489 2409 jura
507 2324 695 2388 Stoicorum.
739 2323 782 2388 In
796 2326 955 2404 mancipio
967 2343 1041 2386 uen-

96 2411 200 2474 dendo
216 2411 389 2472 dicendane
403 2415 494 2486 uitia,
508 2432 570 2474 non
585 2431 633 2486 ca,
650 2431 732 2492 quae
746 2414 816 2474 nisi
825 2411 954 2484 diceris,
971 2409 1041 2470 red-

95 2495 245 2560 libeatnr
260 2498 451 2577 mancipium
460 2497 537 2578 jure
552 2498 650 2572 civili,
675 2496 731 2558 sed
748 2496 837 2574 baec,
861 2494 1041 2558 mendacem

97 2603 175 2658 esse,
200 2582 383 2657 aleatorem,
398 2583 560 2661 furacem,
580 2584 746 2646 ebriosum.
793 2581 896 2646 Alteri
912 2578 1043 2644 dicenda

101 2666 258 2742 videntur,
283 2666 372 2729 alteri
386 2689 450 2730 non
465 2665 646 2732 videntur¹⁸.
705 2669 759 2732 92.
786 2669 826 2732 Si
839 2670 912 2750 quis
926 2687 1041 2731 aurum

99 2755 238 2818 vendens
254 2754 446 2817 orichalcum
460 2775 493 2817 se
503 2764 597 2837 putet
612 2754 752 2828 vendere,
777 2757 934 2820 indicetne
949 2756 979 2815 ei
992 2757 1042 2815 uir

102 2842 203 2903 bouus
217 2857 332 2901 aurum
348 2840 429 2902 illud
450 2861 527 2915 esse,
551 2860 594 2903 an
618 2848 702 2903 emat
726 2839 869 2916 denario,
893 2840 979 2922 quod
999 2840 1044 2900 sit

105 2927 197 2988 ¹mille
227 2923 443 2989 cenericum?
504 2925 710 3011 Perspicuum
739 2936 788 2988 est
808 2925 876 3011 jam
909 2922 1041 3006 etquid

100 3009 179 3073 mihi
195 3007 339 3073 videatur
354 3019 386 3073 et
399 3031 481 3094 quae
497 3010 538 3075 sit
552 3011 633 3075 inter
647 3031 701 3074 eos
716 3007 933 3097 philosophae,
958 3029 1038 3094 quos

100 3093 272 3172 nominavi,
296 3095 518 3161 controversia.

99 3247 232 3306 intelligere
241 3259 334 3292 necesse
340 3255 387 3292 est:
398 3247 472 3293 Cedat
479 3261 548 3292 vero:
593 3247 650 3292 duos
665 3259 732 3291 casus
749 3244 899 3302 inculcatum,
917 3246 1039 3292 sulutem..

100 3314 142 3360 sed
154 3313 182 3368 ie,
194 3313 261 3372 cujus
275 3312 353 3356 minue
364 3312 455 3357 intersit
464 3312 552 3366 vivere,
592 3313 680 3357 soluti:
692 3309 719 3354 cl.
729 3311 757 3357 de
767 3311 793 3356 F.
804 3311 836 3356 iii.
849 3313 884 3358 19.
893 3312 939 3366 64,
947 3311 961 3334 “
971 3310 1045 3368 Leges

101 3379 130 3436 ei,
142 3379 210 3438 qu'us
218 3376 293 3434 magis
303 3376 401 3423 intersit
434 3373 478 3438 (¹³)
491 3377 554 3422 Nota
593 3375 699 3421 omnium
708 3376 804 3421 salutem
815 3376 961 3435 singulorum
972 3377 1044 3420 soluti

100 3443 197 3502 gemina
219 3441 356 3488 correlative
383 3441 552 3500 puter..filius.
593 3441 765 3498 anteponunt.”
799 3435 842 3502 (11)
865 3441 882 3486 l.
895 3455 915 3485 e.
927 3441 1045 3485 affirmat:

102 3505 146 3570 (¹⁴)
159 3505 285 3553 Notandus
303 3507 360 3552 ordo
371 3508 509 3552 verborum:
522 3507 554 3552 si·
593 3520 614 3551 v.
627 3504 657 3550 ad
668 3505 696 3549 de
709 3504 751 3551 Fa.
762 3506 797 3550 16.
810 3505 848 3552 at.
871 3502 915 3566 (¹⁷)
926 3504 960 3550 Cf.
969 3503 1044 3549 Seuec.

102 3573 168 3620 milia
185 3570 280 3629 collegit
303 3571 419 3632 Wopkens.
437 3571 465 3618 L.
487 3570 512 3617 Τ.
531 3587 552 3630 p.
595 3570 671 3630 Epist.
683 3567 787 3631 12.apud
795 3566 1047 3627 Penrc.‚“Gratissima

104 3639 158 3684 156.
172 3634 242 3698 [220.
252 3633 297 3698 ll]
323 3634 554 3698 (¹⁵)Nota‚idquod
595 3643 651 3680 eunt
661 3648 740 3694 poma,
758 3651 829 3696 quum
842 3632 967 3696 fugiunt!¹
999 3628 1041 3690 (¹⁸)

102 3703 164 3749 exile
175 3700 288 3762 quiddam
302 3709 370 3762 atque
388 3702 496 3761 jeJ'unum
512 3702 554 3747 ha·
595 3700 655 3746 Vide
674 3700 736 3746 adi.
757 3703 794 3748 16.
812 3701 849 3744 50.
862 3713 907 3758 spr.
934 3691 978 3758 (¹⁹)
990 3695 1045 3741 Vid.

103 3771 159 3815 bere
168 3774 246 3828 potest
257 3765 338 3822 videri,
346 3765 409 3812 idem
421 3779 505 3813 nomen
514 3781 556 3827 per
597 3765 682 3813 Manu.
692 3766 722 3812 ad
731 3781 764 3813 or.
773 3763 887 3826 proliaco.
899 3763 951 3808 Am.
965 3761 987 3807 2.
1000 3763 1022 3807 6.
