2472 4432
221 349 259 406 70
558 345 616 406 DE
639 342 818 405 OFFICIIS

221 503 352 589 collegit
365 503 531 589 permulta,
548 503 601 568 sed
610 503 655 568 ita
664 515 746 568 tetra
755 503 917 589 quaedam,
930 504 977 568 ita
987 504 1171 582 obscoena

222 601 258 654 ut
270 589 356 652 dictu
371 612 496 675 quoque
512 589 674 653 videantur
689 594 802 674 turpia.
852 589 940 654 Haec
968 591 1075 677 igitur
1105 613 1171 656 nou

222 674 381 759 suscipietl
397 674 607 759 reipublicae
625 698 736 750 causa3
760 698 863 740 neres
887 675 1015 760 publica
1030 676 1171 760 quidem

245 782 278 822 ro
304 782 337 823 se
363 760 478 846 suscipi
503 760 597 825 volet.
656 761 718 825 Sed
742 759 803 826 hoe
832 762 1026 825 commodius
1053 785 1094 826 se
1120 785 1171 826 res

222 783 329 921 babet,
354 846 439 945 quod
455 869 516 910 non
533 858 636 932 potest
651 845 791 910 accidere
806 847 953 931 tempus²‚
981 858 1018 910 ut
1033 847 1171 920 intersit

224 930 268 993 rei
282 931 438 1015 publicae,
476 932 648 1018 quidquam
679 931 804 995 illorum
833 933 934 997 facere
969 935 1171 1018 sapientem.

227 1016 295 1079 160.
315 1016 421 1091 Quare
436 1017 496 1082 hoe
511 1018 636 1103 quidem
651 1017 811 1081 effeetum³
830 1019 881 1096 sit,
905 1018 938 1081 in
954 1019 1067 1083 officiis
1086 1019 1171 1082 deli*

247 1101 333 1166 endis
353 1102 386 1166 id
410 1127 510 1190 genus
525 1103 696 1166 officiorum
712 1104 875 1180 excellere,
899 1103 985 1189 quod
1000 1105 1171 1168 teneatur⁴

223 1125 384 1251 bominum
401 1190 572 1254 societate:
590 1190 705 1252 etenim
720 1189 934 1276 cognitionem
945 1189 1171 1274 prudentiam*

223 1295 283 1358 quc
299 1275 439 1360 sequitur
450 1275 644 1339 considerata
659 1274 752 1338 actio,
801 1275 911 1351 Italic,
927 1287 964 1339 ut
980 1299 1080 1362 agere
1090 1299 1171 1340 con*

223 1357 355 1424 siderate
371 1361 467 1445 pluris
482 1361 532 1438 sit,
557 1383 650 1446 quam
670 1359 810 1446 cogitare
825 1361 1003 1446 prudenter.
1051 1363 1171 1447 Atque

224 1443 301 1509 haec
317 1446 442 1530 quidem
454 1447 606 1511 hactenus
617 1471 625 1510 ε
638 1447 812 1532 patefactus
824 1447 907 1510 enim
921 1447 1009 1510 loeus
1019 1459 1070 1511 est
1082 1447 1171 1532 ipse,

225 1541 261 1594 ut
277 1553 340 1594 non
355 1531 480 1597 difficile
495 1534 535 1597 sit
554 1533 585 1596 in
607 1530 800 1617 exquirendo
815 1533 928 1608 officio,
953 1532 1030 1618 quid
1044 1533 1171 1619 cuique

225 1615 266 1680 sit
293 1619 554 1704 praeponendum,
579 1617 694 1681 videre.
742 1617 780 1680 ln
805 1618 875 1704 ipsa
896 1630 1002 1682 autem
1021 1641 1171 1682 commu-

225 1703 324 1768 nitate
339 1717 413 1769 sunt
428 1705 541 1790 gradus
557 1703 739 1779 officiorum,
755 1704 936 1789 exquibus,
953 1703 1033 1789 quid
1046 1705 1171 1790 cuique

225 1799 372 1873 praestet,
396 1789 531 1876 intelligi
543 1788 662 1875 possit:
685 1800 722 1854 ut
736 1789 835 1873 prima
850 1789 907 1853 diis
917 1789 1171 1866 immortalibus,

222 1875 359 1937 secunda
371 1875 498 1959 patriae,
523 1874 616 1938 tertia
630 1875 822 1959 parentibus,
839 1875 987 2025 deinceps
1002 1875 1167 1962 gradatim

223 1958 363 2043 reliquis⁵
377 1959 559 2024 debeantur.
608 1960 678 2024 161.
697 1959 825 2034 Quibus
850 1983 890 2024 ex
913 1984 946 2024 re
970 1983 1008 2025 us
1022 1961 1169 2026 breviter

224 2043 399 2128 disputatis,
437 2045 574 2131 intelligi
600 2056 714 2130 potest,
750 2068 813 2109 non
838 2047 939 2110 solum
962 2046 995 2110 id
1017 2045 1171 2111 homines:

226 2128 326 2192 solere
339 2130 493 2207 dubitare,
517 2129 724 2195 honestumne
740 2154 780 2195 an
795 2144 886 2218 turpe
902 2133 961 2209 sit3
984 2132 1166 2209 sedetiam,

227 2213 272 2276 in⁶
287 2214 407 2280 duobus
422 2216 588 2302 propositis
603 2216 753 2294 honestis
766 2229 872 2282 utrum
887 2217 1062 2283 honestius,
1101 2219 1171 2282 Hic

226 2299 313 2364 locus
339 2325 356 2364 a
384 2301 534 2365 Panaetio
560 2313 618 2379 est,
643 2314 679 2366 ut
700 2323 793 2388 supra
812 2303 888 2382 dixi,
913 2305 1165 2390 praetermissus

232 2385 296 2449 Sed
306 2387 373 2472 jam
388 2388 426 2452 ad
442 2388 561 2472 reliqua
574 2410 753 2476 pergamus.

615 2591 803 2636 -το-

461 2762 614 2826 LIBER
646 2759 927 2826 SECUNDUS.

275 2953 302 3017 1.
329 2959 356 3018 1.
376 2953 662 3028 Quumanmonum
679 2952 779 3016 officia
794 2952 981 3015 ducerentur
996 2949 1036 3016 ab
1052 2949 1163 3017 hones-

229 3051 305 3116 tate,
326 3039 434 3104 Marce
449 3039 504 3116 fili,
528 3049 623 3124 atque
638 3039 677 3102 ab
693 3038 777 3101 omni
797 3059 911 3136 genere
927 3036 1061 3116 virtutis
1086 3039 1162 3102 satis

230 3125 423 3210 explicatum
451 3125 585 3189 arbitror
608 3124 688 3188 libro
712 3145 881 3208 superlore.
933 3122 1092 3207 Sequitur,
1126 3139 1161 3188 ut

230 3209 306 3275 haec
320 3211 492 3275 officiorum
506 3233 623 3297 genera
637 3231 814 3295 persequar,
838 3230 918 3295 quae
942 3213 1098 3293 pertinent
1121 3211 1160 3274 ad

235 3296 318 3360 vitae
333 3297 453 3361 cultum
468 3307 500 3360 et
514 3297 555 3361 ad
569 3319 676 3361 earum
692 3318 804 3372 rerum,
828 3293 942 3380 quibus
957 3297 1088 3357 utuntur
1106 3295 1160 3358 bo-

266 3471 338 3518 XLV.
352 3468 385 3533 (¹)
398 3471 445 3532 Np.
457 3472 550 3533 sapiens
560 3471 607 3518 1116.
642 3468 674 3534 (²)
715 3471 828 3528 attingat:
847 3465 954 3516 cluet.
968 3469 982 3514 1.
1002 3467 1024 3515 7.
1043 3469 1088 3523 23.,
1107 3473 1122 3496 “
1132 3478 1156 3516 ut

234 3537 294 3582 Puta
306 3534 431 3597 ejusmodi.-
443 3552 464 3582 v.
478 3539 507 3583 ad
527 3538 563 3584 1⁰.
579 3538 616 3583 32.
630 3553 676 3597 spr.
716 3536 925 3582 hominesdeorum
931 3537 1154 3593 agnationeetgeute

233 3601 269 3664 (³)
279 3602 376 3648 01113.
391 3605 435 3658 10.,
447 3601 480 3646 111.
497 3605 519 3648 5.
540 3604 578 3648 25.
590 3603 637 3658 111.,
649 3603 678 3648 de
717 3601 859 3647 tencantur.''
895 3596 927 3660 (ὅ)
940 3600 975 3645 Sc.
989 3615 1017 3648 ea
1028 3601 1154 3658 quaedein·

235 3670 265 3714 D.
278 3668 301 3714 11.
320 3667 358 3715 71.
376 3667 436 3723 147.
458 3667 523 3712 Ture.
545 3683 565 3713 v.
588 3669 625 3713 2⁵.
639 3665 677 3713 71.
718 3681 770 3726 ceps
792 3664 905 3724 gradatim
925 3675 987 3710 cunt.
1021 3659 1053 3727 (ὃ)
1073 3666 1152 3711 Addidi

236 3733 267 3793 (⁴)
282 3733 300 3778 1.
308 3747 327 3780 e.
340 3733 402 3794 quod
410 3732 544 3779 societatem
556 3733 677 3778 hominurn
718 3745 747 3778 ex
761 3731 819 3789 Reg.
832 3730 946 3774 omnibus.
