2472 4432
285 397 321 456 ta
613 393 672 454 DE
693 391 875 454 OFFICllS

284 553 463 620 Maximam
476 563 583 618 autem
598 551 745 638 partem¹⁸
755 552 796 618 ad
810 551 959 639 injuriam
974 552 1156 620 faciendam

280 639 478 742 gradiuntur,
495 649 531 702 ut
546 637 759 724 adipiscantur
773 661 820 717 ea,
850 657 932 740 quae
949 638 1156 726 concupiverr

281 748 314 792 ur
349 747 390 790 uo
405 725 483 789 vitio
498 724 649 789 latissime
664 736 753 812 patet
768 723 911 789 avaritra.

363 811 432 876 111.
459 810 664 896 Expetuntur
688 822 795 875 autem
816 808 945 875 divitiae
967 833 1069 897 quum
1092 811 1135 876 ad
1155 835 1156 840 ¹

281 896 365 962 vitae
400 895 600 975 necessarios,
632 907 700 962 tum
729 895 770 961 ad
798 896 1000 983 perfruendas
1029 896 1156 982 voluptr

281 987 334 1048 25.
360 982 399 1048 In
409 981 639 1070 quibusautcm
652 983 754 1068 major
763 992 811 1047 est
822 981 955 1060 animus,
966 981 1001 1046 in
1016 982 1056 1046 iis
1072 1003 1156 1068 pecu

280 1067 466 1156 cupiditass
489 1079 574 1134 cctat
582 1066 622 1132 ad
634 1089 710 1190 opes
719 1077 751 1132 et
760 1068 800 1132 ad
809 1067 1009 1155 gratificandi
1017 1068 1156 1134 facultal

280 1169 318 1220 ut
331 1176 432 1256 nuper
490 1155 651 1220 .Crassus
685 1153 836 1241 negabat,
853 1153 951 1218 ullam
973 1153 1050 1218 satis
1074 1176 1156 1241 mag¹

279 1262 447 1326 pecuniam
469 1261 537 1306 esse
559 1240 598 1317 ei,
615 1239 672 1325 qui
696 1239 730 1304 in
754 1262 788 1304 re
809 1238 939 1327 publica
960 1239 1156 1326 princepsa

279 1348 358 1404 esse,
387 1327 477 1413 cujus
503 1324 671 1392 fructibus²
696 1325 869 1391 exercitum
895 1325 980 1390 alere
1008 1347 1074 1390 non
1105 1347 1156 1413 por

282 1411 457 1478 Delectant
479 1411 576 1477 ctiam
591 1411 752 1499 magnifici
766 1420 935 1512 apparatus
955 1411 1106 1497 vitaeque
1121 1433 1156 1476 cu

278 1519 354 1562 cum
376 1497 536 1586 elegantia
557 1509 590 1563 et
612 1496 721 1584 copia:
746 1496 861 1582 qulbus
882 1497 976 1562 rebus
998 1497 1150 1562 effectum

278 1595 316 1649 ut
328 1583 453 1650 infinita
467 1584 619 1672 pecuniae
632 1582 786 1669 cupiditas
802 1592 896 1647 esset.
941 1581 1014 1648 Nec
1030 1605 1104 1647 vero
1120 1606 1156 1648 re

278 1669 407 1735 miliaris
429 1669 632 1756 amplificatio
652 1668 771 1733 nemini
785 1668 915 1734 nocens³
930 1669 1142 1754 vituperanda

277 1755 332 1822 sed
347 1756 500 1844 fugienda
514 1775 636 1840 semper
645 1754 760 1841 injuria
775 1766 835 1819 est.
879 1755 932 1818 26.
958 1753 1105 1819 Maxime
1117 1777 1156 1820 au

279 1842 477 1922 adducuntur
502 1840 654 1925 plerique,
684 1851 719 1904 ut
741 1862 794 1904 cos
810 1839 955 1926 justitiae
970 1840 1075 1927 capiat
1089 1840 1156 1906 obli

277 1949 377 2014 quum
399 1927 433 1990 in
451 1924 664 2012 imperiorum,
681 1923 847 2002 honorum,
895 1925 992 1991 lorias
1015 1925 1156 2013 cupidita

276 2011 478 2078 inciderunt⁴.
526 2009 623 2090 Quod
637 2008 722 2076 enim
736 2021 785 2075 ast
799 1947 895 2098 apuli
901 2011 1054 2090 Ennium,

594 2157 903 2214 mmmmmm

545 2228 835 2301 .Mfflmfflw

275 2341 308 2407 id
330 2340 424 2406 latius
445 2351 555 2427 patet:
578 2361 662 2420 nam,
680 2339 834 2427 quidquid
856 2340 1012 2428 ejusmodi
1031 2351 1090 2420 est,
1106 2340 1156 2405 in¹

275 2449 339 2492 non
355 2425 476 2515 possint
491 2426 598 2512 plures
613 2427 778 2505 excellere,
791 2426 825 2491 in
836 2450 875 2491 eo
884 2426 920 2492 fit
929 2427 1116 2513 plerumque
1130 2439 1156 2491 ta

276 2511 449 2589 contentio,
466 2525 502 2577 ut
525 2512 744 2578 difficillimum
758 2512 800 2579 sit
820 2535 943 2578 servare
960 2525 1101 2578 sanctam
1115 2535 1153 2578 so

276 2603 386 2664 tatem.
435 2597 622 2666 Declaravit
643 2599 676 2664 id
697 2600 791 2664 modo
815 2598 975 2666 temeritas
1001 2599 1040 2664 C.
1059 2599 1156 2664 Caesa

274 2684 331 2772 qui
354 2683 460 2750 omnia
475 2684 549 2770 jura
569 2684 676 2750 divina
687 2695 719 2750 et
740 2685 878 2751 humana
901 2682 1064 2834 pervertit,
1088 2707 1156 2785 prop

275 2791 359 2848 eum,
370 2769 535 2854 quemsibi
545 2770 612 2856 ipse
623 2771 779 2858 opinionis
790 2794 891 2835 errore
925 2780 1047 2848 niteret,
1058 2793 1156 2857 prrncr

274 2866 355 2920 tum.
403 2855 462 2920 Est
489 2866 596 2920 autem
618 2856 651 2919 in
673 2855 734 2919 hoc
756 2879 872 2944 genere
886 2855 1065 2933 molestum,
1082 2878 1156 2941 quor

273 2940 419 3006 maximis
441 2940 567 3005 animis⁵
581 2939 903 3028 splendidissimisque
916 2940 1066 3042 ingeniis⁵
1080 2942 1156 3029 plen

273 3048 336 3112 que
351 3026 509 3092 exsistunt
530 3024 668 3104 honoris,
684 3026 820 3113 imperii,
837 3038 1009 3114 potentrae,
1026 3027 1143 3115 gloriae

272 3112 445 3198 piditates:
468 3133 534 3198 quo
563 3111 667 3199 magis
692 3112 869 3178 cavendum
883 3124 941 3192 est,
969 3136 1010 3178 ne
1035 3113 1108 3200 quid
1126 3113 1156 3178 in

273 3219 389 3285 genere
399 3210 559 3285 peccetur.
604 3202 657 3265 27.
686 3197 750 3264 Sed
764 3197 897 3263 inomni
911 3198 1065 3286 injustitia
1077 3221 1156 3287 parm

265 3372 395 3420 'hominurn
423 3380 515 3436 partem
537 3374 602 3435 quod
627 3371 725 3428 attinetr
777 3371 788 3402 ²
814 3372 833 3419 l.
846 3381 1156 3434 e.snnuoproventus.rer

271 3439 420 3500 plerumque.
777 3437 787 3466 ³
812 3437 831 3485 1.
844 3453 864 3484 e.
883 3441 954 3487 modo
972 3439 1059 3486 nemini
1074 3448 1153 3486 noceat

304 3502 724 3566 WstfflssammMAEmm
765 3500 1156 3566 missthffi.fflfflm0

271 3567 1156 3632 fflmmfflwwwmammmfflmmmd

273 3633 377 3696 Madvig.
389 3635 420 3680 ad
436 3635 464 3681 dc
481 3634 509 3680 F.
521 3649 543 3696 p.
556 3634 619 3688 60³„
637 3648 679 3680 nos
691 3635 723 3682 ad
764 3646 788 3694 p.
803 3633 858 3679 691.
892 3629 926 3695 (⁵)
943 3633 980 3680 Cf.
1000 3633 1095 3682 sasai.
1112 3637 1146 3680 15.

171 3691 173 3696 ’
271 3699 304 3746 Ν.
322 3701 353 3748 D.
373 3699 388 3746 i.
402 3700 440 3745 36.
461 3700 531 3753 101.ς
547 3699 608 3744 adde
626 3698 664 3744 20.
682 3700 720 3746 69.
765 3697 863 3757 “quue
878 3698 902 3746 in
915 3699 1023 3747 maximis
1039 3699 1156 3762 ingenitas]

270 3763 316 3830 ila,
328 3765 368 3813 ubl
380 3764 442 3832 vide!
453 3772 477 3813 et
486 3763 524 3811 32.
540 3765 601 3831 lla,
613 3762 652 3812 42.
668 3763 720 3812 1⁵0.
762 3763 874 3826 simisque
886 3766 970 3814 calmis
981 3765 1068 3814 exsistit
1083 3765 1156 3814 maxia
