<?xml version="1.0" encoding="UTF-8"?>
<!DOCTYPE html PUBLIC "-//W3C//DTD XHTML 1.0 Transitional//EN"
    "http://www.w3.org/TR/xhtml1/DTD/xhtml1-transitional.dtd">
<html xmlns="http://www.w3.org/1999/xhtml" xml:lang="en" lang="en">
 <head>
  <title>
</title>
<meta http-equiv="Content-Type" content="text/html;charset=utf-8" />
  <meta name='ocr-system' content='tesseract 3.04.00' />
  <meta name='ocr-capabilities' content='ocr_page ocr_carea ocr_par ocr_line ocrx_word'/>
</head>
<body>
  <div class='ocr_page' id='page_1' title='image "./deofficiislibri00allegoog_0060.png"; bbox 0 0 2472 4432; ppageno 0'>
   <div class='ocr_carea' id='block_1_1' title="bbox 395 422 1004 488">
    <p class='ocr_par' dir='ltr' id='par_1_1' title="bbox 395 422 1004 488">
     <span class='ocr_line' id='line_1_1' title="bbox 395 422 1004 488; baseline 0.002 -3"><span class='ocrx_word' id='word_1_1' title='bbox 395 424 469 486; x_wconf 89' lang='lat' dir='ltr'>LIB.</span> <span class='ocrx_word' id='word_1_2' title='bbox 489 422 512 485; x_wconf 91' lang='grc' dir='ltr'>Ι.</span> <span class='ocrx_word' id='word_1_3' title='bbox 532 425 621 487; x_wconf 86' lang='grc' dir='ltr'><strong>ΟΑΡ.</strong></span> <span class='ocrx_word' id='word_1_4' title='bbox 641 431 688 488; x_wconf 81' lang='lat'>28.</span> <span class='ocrx_word' id='word_1_5' title='bbox 965 429 1004 486; x_wconf 83' lang='lat'>43</span> 
     </span>
    </p>
   </div>
   <div class='ocr_carea' id='block_1_2' title="bbox 52 584 1006 759">
    <p class='ocr_par' dir='ltr' id='par_1_2' title="bbox 52 584 1006 759">
     <span class='ocr_line' id='line_1_2' title="bbox 54 584 1006 674; baseline 0.007 -30"><span class='ocrx_word' id='word_1_6' title='bbox 54 603 116 666; x_wconf 91' lang='lat' dir='ltr'>que</span> <span class='ocrx_word' id='word_1_7' title='bbox 142 584 263 648; x_wconf 86' lang='lat' dir='ltr'>eadem</span> <span class='ocrx_word' id='word_1_8' title='bbox 291 594 406 651; x_wconf 88' lang='lat' dir='ltr'>natura</span> <span class='ocrx_word' id='word_1_9' title='bbox 433 585 543 652; x_wconf 89' lang='lat' dir='ltr'>doceat</span> <span class='ocrx_word' id='word_1_10' title='bbox 565 609 630 652; x_wconf 92' lang='lat' dir='ltr'>non</span> <span class='ocrx_word' id='word_1_11' title='bbox 653 584 827 674; x_wconf 85' lang='lat' dir='ltr'>negligere,</span> <span class='ocrx_word' id='word_1_12' title='bbox 857 587 1006 671; x_wconf 88' lang='lat' dir='ltr'>quemad-</span> 
     </span>
     <span class='ocr_line' id='line_1_3' title="bbox 52 667 1004 759; baseline 0.007 -29"><span class='ocrx_word' id='word_1_13' title='bbox 52 667 182 732; x_wconf 90' lang='lat' dir='ltr'><strong>modum</strong></span> <span class='ocrx_word' id='word_1_14' title='bbox 199 693 263 734; x_wconf 90' lang='lat' dir='ltr'>nos</span> <span class='ocrx_word' id='word_1_15' title='bbox 279 671 430 736; x_wconf 86' lang='lat' dir='ltr'>adversus</span> <span class='ocrx_word' id='word_1_16' title='bbox 454 673 597 738; x_wconf 87' lang='lat' dir='ltr'>homines</span> <span class='ocrx_word' id='word_1_17' title='bbox 621 694 766 759; x_wconf 83' lang='lat' dir='ltr'>geramus</span> <span class='ocrx_word' id='word_1_18' title='bbox 776 695 786 747; x_wconf 83' lang='lat'><em>3</em></span> <span class='ocrx_word' id='word_1_19' title='bbox 808 671 951 751; x_wconf 89' lang='lat' dir='ltr'>efficitur,</span> <span class='ocrx_word' id='word_1_20' title='bbox 968 685 1004 737; x_wconf 91' lang='lat' dir='ltr'>ut</span> 
     </span>
    </p>
   </div>
   <div class='ocr_carea' id='block_1_3' title="bbox 51 753 1007 2648">
    <p class='ocr_par' dir='ltr' id='par_1_3' title="bbox 51 753 1007 2648">
     <span class='ocr_line' id='line_1_4' title="bbox 52 753 1006 843; baseline 0.007 -28"><span class='ocrx_word' id='word_1_21' title='bbox 52 765 83 816; x_wconf 91' lang='lat' dir='ltr'>et</span> <span class='ocrx_word' id='word_1_22' title='bbox 106 753 201 834; x_wconf 90' lang='lat' dir='ltr'>illud,</span> <span class='ocrx_word' id='word_1_23' title='bbox 228 756 321 842; x_wconf 93' lang='lat' dir='ltr'>quod</span> <span class='ocrx_word' id='word_1_24' title='bbox 347 757 386 821; x_wconf 90' lang='lat' dir='ltr'>ad</span> <span class='ocrx_word' id='word_1_25' title='bbox 409 781 533 826; x_wconf 89' lang='lat' dir='ltr'>omnem</span> <span class='ocrx_word' id='word_1_26' title='bbox 557 757 756 823; x_wconf 82' lang='lat' dir='ltr'>honestatem</span> <span class='ocrx_word' id='word_1_27' title='bbox 781 757 928 843; x_wconf 84' lang='lat' dir='ltr'><strong>pertinet,</strong></span> <span class='ocrx_word' id='word_1_28' title='bbox 952 759 1006 822; x_wconf 90' lang='lat' dir='ltr'>de·</span> 
     </span>
     <span class='ocr_line' id='line_1_5' title="bbox 52 842 1000 930; baseline 0.007 -29"><span class='ocrx_word' id='word_1_29' title='bbox 52 861 172 917; x_wconf 89' lang='lat' dir='ltr'>corum,</span> <span class='ocrx_word' id='word_1_30' title='bbox 198 864 304 927; x_wconf 90' lang='lat' dir='ltr'>quam</span> <span class='ocrx_word' id='word_1_31' title='bbox 320 842 384 906; x_wconf 85' lang='lat' dir='ltr'>late</span> <span class='ocrx_word' id='word_1_32' title='bbox 398 845 502 908; x_wconf 90' lang='lat' dir='ltr'>fusum</span> <span class='ocrx_word' id='word_1_33' title='bbox 516 844 567 922; x_wconf 90' lang='lat' dir='ltr'>sit,</span> <span class='ocrx_word' id='word_1_34' title='bbox 591 856 741 930; x_wconf 84' lang='lat' dir='ltr'>appareat</span> <span class='ocrx_word' id='word_1_35' title='bbox 764 854 796 907; x_wconf 93' lang='lat' dir='ltr'>et</span> <span class='ocrx_word' id='word_1_36' title='bbox 821 842 892 923; x_wconf 93' lang='lat' dir='ltr'>boc,</span> <span class='ocrx_word' id='word_1_37' title='bbox 916 845 1000 929; x_wconf 91' lang='lat' dir='ltr'>quod</span> 
     </span>
     <span class='ocr_line' id='line_1_6' title="bbox 51 928 1006 1017; baseline 0.008 -31"><span class='ocrx_word' id='word_1_38' title='bbox 51 937 218 1010; x_wconf 84' lang='lat' dir='ltr'>spectatur</span> <span class='ocrx_word' id='word_1_39' title='bbox 243 928 281 992; x_wconf 90' lang='lat' dir='ltr'>in</span> <span class='ocrx_word' id='word_1_40' title='bbox 302 951 494 1016; x_wconf 92' lang='lat' dir='ltr'>unoquoque</span> <span class='ocrx_word' id='word_1_41' title='bbox 519 953 634 1017; x_wconf 86' lang='lat' dir='ltr'>genere</span> <span class='ocrx_word' id='word_1_42' title='bbox 658 929 795 994; x_wconf 87' lang='lat' dir='ltr'>virtutis.</span> <span class='ocrx_word' id='word_1_43' title='bbox 842 930 892 996; x_wconf 91' lang='lat' dir='ltr'>Ut</span> <span class='ocrx_word' id='word_1_44' title='bbox 920 930 1006 996; x_wconf 91' lang='lat' dir='ltr'>enim</span> 
     </span>
     <span class='ocr_line' id='line_1_7' title="bbox 52 1009 1005 1103; baseline 0.008 -31"><span class='ocrx_word' id='word_1_45' title='bbox 52 1009 265 1094; x_wconf 80' lang='lat' dir='ltr'>pulchritudo</span> <span class='ocrx_word' id='word_1_46' title='bbox 291 1017 430 1101; x_wconf 90' lang='lat' dir='ltr'>corporis</span> <span class='ocrx_word' id='word_1_47' title='bbox 452 1026 527 1103; x_wconf 88' lang='lat' dir='ltr'>apta</span> <span class='ocrx_word' id='word_1_48' title='bbox 551 1015 776 1101; x_wconf 86' lang='lat' dir='ltr'>compositione</span> <span class='ocrx_word' id='word_1_49' title='bbox 795 1017 1005 1081; x_wconf 89' lang='lat' dir='ltr'>membrorum</span> 
     </span>
     <span class='ocr_line' id='line_1_8' title="bbox 55 1100 1005 1188; baseline 0.008 -30"><span class='ocrx_word' id='word_1_50' title='bbox 55 1109 162 1162; x_wconf 89' lang='lat' dir='ltr'>movet</span> <span class='ocrx_word' id='word_1_51' title='bbox 177 1100 297 1165; x_wconf 91' lang='lat' dir='ltr'>oculos</span> <span class='ocrx_word' id='word_1_52' title='bbox 313 1112 347 1164; x_wconf 91' lang='lat' dir='ltr'>et</span> <span class='ocrx_word' id='word_1_53' title='bbox 359 1100 493 1166; x_wconf 90' lang='lat' dir='ltr'>delectat</span> <span class='ocrx_word' id='word_1_54' title='bbox 507 1100 567 1166; x_wconf 90' lang='lat' dir='ltr'>hoc</span> <span class='ocrx_word' id='word_1_55' title='bbox 575 1102 655 1188; x_wconf 89' lang='lat' dir='ltr'>ipsc,</span> <span class='ocrx_word' id='word_1_56' title='bbox 666 1100 751 1187; x_wconf 92' lang='lat' dir='ltr'>quod</span> <span class='ocrx_word' id='word_1_57' title='bbox 759 1101 841 1166; x_wconf 91' lang='lat' dir='ltr'>inter</span> <span class='ocrx_word' id='word_1_58' title='bbox 853 1124 885 1166; x_wconf 90' lang='lat' dir='ltr'>se</span> <span class='ocrx_word' id='word_1_59' title='bbox 897 1125 1005 1166; x_wconf 89' lang='lat' dir='ltr'>omnes</span> 
     </span>
     <span class='ocr_line' id='line_1_9' title="bbox 54 1186 1005 1275; baseline 0.009 -31"><span class='ocrx_word' id='word_1_60' title='bbox 54 1193 158 1264; x_wconf 88' lang='lat' dir='ltr'>partes</span> <span class='ocrx_word' id='word_1_61' title='bbox 174 1207 257 1250; x_wconf 90' lang='lat' dir='ltr'>cum</span> <span class='ocrx_word' id='word_1_62' title='bbox 273 1186 409 1271; x_wconf 90' lang='lat' dir='ltr'>quodam</span> <span class='ocrx_word' id='word_1_63' title='bbox 434 1187 540 1275; x_wconf 85' lang='lat' dir='ltr'>lepore</span> <span class='ocrx_word' id='word_1_64' title='bbox 565 1187 776 1265; x_wconf 90' lang='lat' dir='ltr'>consentiunt,</span> <span class='ocrx_word' id='word_1_65' title='bbox 801 1188 845 1252; x_wconf 90' lang='lat' dir='ltr'>sic</span> <span class='ocrx_word' id='word_1_66' title='bbox 867 1187 928 1253; x_wconf 90' lang='lat' dir='ltr'>hoc</span> <span class='ocrx_word' id='word_1_67' title='bbox 951 1188 1005 1253; x_wconf 91' lang='lat' dir='ltr'>de-</span> 
     </span>
     <span class='ocr_line' id='line_1_10' title="bbox 56 1272 1003 1360; baseline 0.008 -30"><span class='ocrx_word' id='word_1_68' title='bbox 56 1289 174 1347; x_wconf 87' lang='lat' dir='ltr'>corum,</span> <span class='ocrx_word' id='word_1_69' title='bbox 202 1273 297 1358; x_wconf 91' lang='lat' dir='ltr'>quod</span> <span class='ocrx_word' id='word_1_70' title='bbox 323 1272 427 1338; x_wconf 89' lang='lat' dir='ltr'>elucet</span> <span class='ocrx_word' id='word_1_71' title='bbox 448 1274 481 1337; x_wconf 92' lang='lat' dir='ltr'>in</span> <span class='ocrx_word' id='word_1_72' title='bbox 505 1274 581 1352; x_wconf 89' lang='lat' dir='ltr'>vita,</span> <span class='ocrx_word' id='word_1_73' title='bbox 616 1285 723 1338; x_wconf 90' lang='lat' dir='ltr'>movet</span> <span class='ocrx_word' id='word_1_74' title='bbox 747 1274 1003 1360; x_wconf 90' lang='lat' dir='ltr'>approbationem</span> 
     </span>
     <span class='ocr_line' id='line_1_11' title="bbox 55 1359 1004 1444; baseline 0.007 -28"><span class='ocrx_word' id='word_1_75' title='bbox 55 1375 175 1434; x_wconf 87' lang='lat' dir='ltr'>eorum,</span> <span class='ocrx_word' id='word_1_76' title='bbox 214 1359 412 1444; x_wconf 86' lang='lat' dir='ltr'>quibuscum</span> <span class='ocrx_word' id='word_1_77' title='bbox 431 1360 557 1437; x_wconf 78' lang='lat' dir='ltr'>vivitur,</span> <span class='ocrx_word' id='word_1_78' title='bbox 581 1359 690 1423; x_wconf 89' lang='lat' dir='ltr'>ordine</span> <span class='ocrx_word' id='word_1_79' title='bbox 713 1371 745 1423; x_wconf 90' lang='lat' dir='ltr'>et</span> <span class='ocrx_word' id='word_1_80' title='bbox 770 1360 947 1424; x_wconf 89' lang='lat' dir='ltr'>constantia</span> <span class='ocrx_word' id='word_1_81' title='bbox 972 1371 1004 1423; x_wconf 91' lang='lat' dir='ltr'>et</span> 
     </span>
     <span class='ocr_line' id='line_1_12' title="bbox 55 1440 1003 1530; baseline 0.009 -30"><span class='ocrx_word' id='word_1_82' title='bbox 55 1440 279 1508; x_wconf 87' lang='lat' dir='ltr'>moderatione</span> <span class='ocrx_word' id='word_1_83' title='bbox 325 1443 479 1509; x_wconf 87' lang='lat' dir='ltr'>dictorum</span> <span class='ocrx_word' id='word_1_84' title='bbox 518 1445 658 1510; x_wconf 91' lang='lat' dir='ltr'>omnium</span> <span class='ocrx_word' id='word_1_85' title='bbox 703 1457 799 1530; x_wconf 88' lang='lat' dir='ltr'>atque</span> <span class='ocrx_word' id='word_1_86' title='bbox 839 1446 1003 1511; x_wconf 87' lang='lat' dir='ltr'>factorum.</span> 
     </span>
     <span class='ocr_line' id='line_1_13' title="bbox 59 1527 1005 1632; baseline 0.006 -42"><span class='ocrx_word' id='word_1_87' title='bbox 59 1527 109 1591; x_wconf 88' lang='grc'>99.</span> <span class='ocrx_word' id='word_1_88' title='bbox 133 1529 336 1595; x_wconf 88' lang='lat' dir='ltr'>Adhibenda</span> <span class='ocrx_word' id='word_1_89' title='bbox 351 1543 399 1595; x_wconf 90' lang='lat' dir='ltr'>est</span> <span class='ocrx_word' id='word_1_90' title='bbox 412 1531 510 1632; x_wconf 88' lang='lat' dir='ltr'>igitur</span> <span class='ocrx_word' id='word_1_91' title='bbox 529 1531 680 1617; x_wconf 84' lang='lat' dir='ltr'>quaedam</span> <span class='ocrx_word' id='word_1_92' title='bbox 704 1531 879 1595; x_wconf 84' lang='lat' dir='ltr'>reverentia</span> <span class='ocrx_word' id='word_1_93' title='bbox 897 1531 1005 1596; x_wconf 87' lang='lat' dir='ltr'>adver·</span> 
     </span>
     <span class='ocr_line' id='line_1_14' title="bbox 57 1615 1002 1703; baseline 0.006 -29"><span class='ocrx_word' id='word_1_94' title='bbox 57 1630 108 1674; x_wconf 85' lang='lat' dir='ltr'>sus</span> <span class='ocrx_word' id='word_1_95' title='bbox 123 1615 477 1702; x_wconf 84' lang='lat' dir='ltr'>opiniones⁵etopt1mi</span> <span class='ocrx_word' id='word_1_96' title='bbox 491 1620 644 1703; x_wconf 90' lang='lat' dir='ltr'>cujusque</span> <span class='ocrx_word' id='word_1_97' title='bbox 659 1627 691 1681; x_wconf 90' lang='lat' dir='ltr'>et</span> <span class='ocrx_word' id='word_1_98' title='bbox 706 1616 916 1701; x_wconf 85' lang='lat' dir='ltr'>reliquorum:</span> <span class='ocrx_word' id='word_1_99' title='bbox 929 1639 1002 1680; x_wconf 92' lang='lat' dir='ltr'>nam</span> 
     </span>
     <span class='ocr_line' id='line_1_15' title="bbox 61 1698 1007 1803; baseline 0.007 -44"><span class='ocrx_word' id='word_1_100' title='bbox 61 1698 241 1787; x_wconf 87' lang='lat' dir='ltr'>negligere,</span> <span class='ocrx_word' id='word_1_101' title='bbox 267 1701 397 1786; x_wconf 91' lang='lat' dir='ltr'>quidde</span> <span class='ocrx_word' id='word_1_102' title='bbox 412 1726 445 1768; x_wconf 88' lang='lat' dir='ltr'>se</span> <span class='ocrx_word' id='word_1_103' title='bbox 460 1702 593 1803; x_wconf 89' lang='lat' dir='ltr'>quisque</span> <span class='ocrx_word' id='word_1_104' title='bbox 607 1703 733 1779; x_wconf 88' lang='lat' dir='ltr'>sentiat,</span> <span class='ocrx_word' id='word_1_105' title='bbox 763 1722 826 1765; x_wconf 92' lang='lat' dir='ltr'>non</span> <span class='ocrx_word' id='word_1_106' title='bbox 841 1701 943 1765; x_wconf 91' lang='lat' dir='ltr'>solum</span> <span class='ocrx_word' id='word_1_107' title='bbox 958 1725 1007 1766; x_wconf 87' lang='lat' dir='ltr'>ar·</span> 
     </span>
     <span class='ocr_line' id='line_1_16' title="bbox 59 1786 1002 1869; baseline 0.005 -24"><span class='ocrx_word' id='word_1_108' title='bbox 59 1787 205 1869; x_wconf 87' lang='lat' dir='ltr'>rogantis</span> <span class='ocrx_word' id='word_1_109' title='bbox 221 1799 282 1864; x_wconf 90' lang='lat' dir='ltr'>est,</span> <span class='ocrx_word' id='word_1_110' title='bbox 297 1786 457 1853; x_wconf 87' lang='lat' dir='ltr'>sedetiam</span> <span class='ocrx_word' id='word_1_111' title='bbox 468 1811 595 1853; x_wconf 90' lang='lat' dir='ltr'>omnmo</span> <span class='ocrx_word' id='word_1_112' title='bbox 608 1787 763 1853; x_wconf 87' lang='lat' dir='ltr'>dissoluti.</span> <span class='ocrx_word' id='word_1_113' title='bbox 811 1787 871 1851; x_wconf 85' lang='lat' dir='ltr'>Est</span> <span class='ocrx_word' id='word_1_114' title='bbox 885 1799 1002 1864; x_wconf 91' lang='lat' dir='ltr'>autem,</span> 
     </span>
     <span class='ocr_line' id='line_1_17' title="bbox 63 1871 1006 1960; baseline 0.003 -26"><span class='ocrx_word' id='word_1_115' title='bbox 63 1871 146 1952; x_wconf 86' lang='lat' dir='ltr'>quod</span> <span class='ocrx_word' id='word_1_116' title='bbox 161 1873 305 1938; x_wconf 79' lang='lat' dir='ltr'>differat⁶</span> <span class='ocrx_word' id='word_1_117' title='bbox 323 1874 357 1936; x_wconf 91' lang='lat' dir='ltr'>in</span> <span class='ocrx_word' id='word_1_118' title='bbox 368 1874 531 1939; x_wconf 90' lang='lat' dir='ltr'>hominum</span> <span class='ocrx_word' id='word_1_119' title='bbox 545 1875 665 1939; x_wconf 88' lang='lat' dir='ltr'>ratione</span> <span class='ocrx_word' id='word_1_120' title='bbox 679 1872 824 1940; x_wconf 90' lang='lat' dir='ltr'>habenda</span> <span class='ocrx_word' id='word_1_121' title='bbox 837 1874 920 1938; x_wconf 93' lang='lat' dir='ltr'>inter</span> <span class='ocrx_word' id='word_1_122' title='bbox 937 1875 1006 1960; x_wconf 91' lang='lat' dir='ltr'>jus·</span> 
     </span>
     <span class='ocr_line' id='line_1_18' title="bbox 63 1953 1003 2047; baseline 0.007 -30"><span class='ocrx_word' id='word_1_123' title='bbox 63 1953 165 2020; x_wconf 89' lang='lat' dir='ltr'>titiam</span> <span class='ocrx_word' id='word_1_124' title='bbox 192 1971 229 2024; x_wconf 93' lang='lat' dir='ltr'>et</span> <span class='ocrx_word' id='word_1_125' title='bbox 255 1961 486 2026; x_wconf 86' lang='lat' dir='ltr'>verecundiam.</span> <span class='ocrx_word' id='word_1_126' title='bbox 541 1961 689 2026; x_wconf 88' lang='lat' dir='ltr'>Justitiae</span> <span class='ocrx_word' id='word_1_127' title='bbox 712 1971 817 2047; x_wconf 88' lang='lat' dir='ltr'>partes</span> <span class='ocrx_word' id='word_1_128' title='bbox 840 1970 915 2025; x_wconf 90' lang='lat' dir='ltr'>sunt</span> <span class='ocrx_word' id='word_1_129' title='bbox 939 1982 1003 2024; x_wconf 90' lang='lat' dir='ltr'>non</span> 
     </span>
     <span class='ocr_line' id='line_1_19' title="bbox 64 2039 1004 2132; baseline 0.009 -30"><span class='ocrx_word' id='word_1_130' title='bbox 64 2039 180 2109; x_wconf 86' lang='lat' dir='ltr'>violare</span> <span class='ocrx_word' id='word_1_131' title='bbox 191 2045 357 2122; x_wconf 86' lang='lat' dir='ltr'>homines3</span> <span class='ocrx_word' id='word_1_132' title='bbox 381 2047 585 2111; x_wconf 86' lang='lat' dir='ltr'>verecundiae</span> <span class='ocrx_word' id='word_1_133' title='bbox 608 2069 671 2110; x_wconf 91' lang='lat' dir='ltr'>non</span> <span class='ocrx_word' id='word_1_134' title='bbox 697 2047 871 2111; x_wconf 87' lang='lat' dir='ltr'>offendere:</span> <span class='ocrx_word' id='word_1_135' title='bbox 894 2047 1004 2132; x_wconf 92' lang='lat' dir='ltr'>inquo</span> 
     </span>
     <span class='ocr_line' id='line_1_20' title="bbox 65 2129 1001 2220; baseline 0.011 -32"><span class='ocrx_word' id='word_1_136' title='bbox 65 2129 201 2196; x_wconf 82' lang='lat' dir='ltr'>maxime</span> <span class='ocrx_word' id='word_1_137' title='bbox 218 2131 266 2197; x_wconf 87' lang='lat' dir='ltr'>vis</span> <span class='ocrx_word' id='word_1_138' title='bbox 281 2131 468 2218; x_wconf 85' lang='lat' dir='ltr'>perspicitur</span> <span class='ocrx_word' id='word_1_139' title='bbox 483 2133 597 2197; x_wconf 88' lang='lat' dir='ltr'>decori.</span> <span class='ocrx_word' id='word_1_140' title='bbox 645 2132 707 2197; x_wconf 88' lang='lat' dir='ltr'>His</span> <span class='ocrx_word' id='word_1_141' title='bbox 722 2133 819 2220; x_wconf 91' lang='lat' dir='ltr'>igitur</span> <span class='ocrx_word' id='word_1_142' title='bbox 839 2132 1001 2220; x_wconf 74' lang='lat' dir='ltr'>expositiS,</span> 
     </span>
     <span class='ocr_line' id='line_1_21' title="bbox 66 2215 1004 2304; baseline 0.006 -27"><span class='ocrx_word' id='word_1_143' title='bbox 66 2215 158 2295; x_wconf 85' lang='lat' dir='ltr'>quale</span> <span class='ocrx_word' id='word_1_144' title='bbox 179 2218 222 2282; x_wconf 90' lang='lat' dir='ltr'>sit</span> <span class='ocrx_word' id='word_1_145' title='bbox 248 2218 292 2295; x_wconf 92' lang='lat' dir='ltr'>id,</span> <span class='ocrx_word' id='word_1_146' title='bbox 317 2218 401 2303; x_wconf 91' lang='lat' dir='ltr'>quod</span> <span class='ocrx_word' id='word_1_147' title='bbox 415 2217 524 2283; x_wconf 87' lang='lat' dir='ltr'>decere</span> <span class='ocrx_word' id='word_1_148' title='bbox 538 2219 680 2298; x_wconf 74' lang='lat' dir='ltr'>dicimur,</span> <span class='ocrx_word' id='word_1_149' title='bbox 705 2219 899 2284; x_wconf 90' lang='lat' dir='ltr'>intellectum</span> <span class='ocrx_word' id='word_1_150' title='bbox 914 2229 1004 2304; x_wconf 88' lang='lat' dir='ltr'>puto.</span> 
     </span>
     <span class='ocr_line' id='line_1_22' title="bbox 71 2301 1005 2390; baseline 0.006 -28"><span class='ocrx_word' id='word_1_151' title='bbox 71 2301 138 2366; x_wconf 89' lang='lat'>100.</span> <span class='ocrx_word' id='word_1_152' title='bbox 168 2303 322 2370; x_wconf 88' lang='lat' dir='ltr'>Officium</span> <span class='ocrx_word' id='word_1_153' title='bbox 336 2315 452 2383; x_wconf 90' lang='lat' dir='ltr'>autem,</span> <span class='ocrx_word' id='word_1_154' title='bbox 477 2305 560 2389; x_wconf 90' lang='lat' dir='ltr'>quod</span> <span class='ocrx_word' id='word_1_155' title='bbox 580 2307 620 2371; x_wconf 89' lang='lat' dir='ltr'>ab</span> <span class='ocrx_word' id='word_1_156' title='bbox 635 2329 673 2369; x_wconf 90' lang='lat' dir='ltr'>eo</span> <span class='ocrx_word' id='word_1_157' title='bbox 687 2304 820 2383; x_wconf 86' lang='lat' dir='ltr'>ducitur,</span> <span class='ocrx_word' id='word_1_158' title='bbox 844 2304 926 2369; x_wconf 88' lang='lat' dir='ltr'>hanc</span> <span class='ocrx_word' id='word_1_159' title='bbox 941 2304 1005 2390; x_wconf 85' lang='lat' dir='ltr'>pri-</span> 
     </span>
     <span class='ocr_line' id='line_1_23' title="bbox 68 2387 1005 2475; baseline 0.011 -29"><span class='ocrx_word' id='word_1_160' title='bbox 68 2387 165 2452; x_wconf 85' lang='lat' dir='ltr'>mum⁷</span> <span class='ocrx_word' id='word_1_161' title='bbox 189 2388 288 2454; x_wconf 87' lang='lat' dir='ltr'>habet</span> <span class='ocrx_word' id='word_1_162' title='bbox 314 2389 419 2469; x_wconf 81' lang='lat' dir='ltr'>viam⁸,</span> <span class='ocrx_word' id='word_1_163' title='bbox 444 2412 524 2475; x_wconf 89' lang='lat' dir='ltr'>quae</span> <span class='ocrx_word' id='word_1_164' title='bbox 547 2390 672 2456; x_wconf 87' lang='lat' dir='ltr'>deducit</span> <span class='ocrx_word' id='word_1_165' title='bbox 697 2390 737 2454; x_wconf 91' lang='lat' dir='ltr'>ad</span> <span class='ocrx_word' id='word_1_166' title='bbox 755 2389 1005 2456; x_wconf 83' lang='lat' dir='ltr'>convenientiam</span> 
     </span>
     <span class='ocr_line' id='line_1_24' title="bbox 70 2475 1005 2563; baseline 0.006 -29"><span class='ocrx_word' id='word_1_167' title='bbox 70 2475 401 2561; x_wconf 84' lang='lat' dir='ltr'>conservationemque</span> <span class='ocrx_word' id='word_1_168' title='bbox 425 2488 572 2540; x_wconf 89' lang='lat' dir='ltr'>naturae:</span> <span class='ocrx_word' id='word_1_169' title='bbox 595 2499 691 2563; x_wconf 90' lang='lat' dir='ltr'>quam</span> <span class='ocrx_word' id='word_1_170' title='bbox 715 2476 742 2540; x_wconf 92' lang='lat' dir='ltr'>si</span> <span class='ocrx_word' id='word_1_171' title='bbox 766 2497 934 2562; x_wconf 89' lang='lat' dir='ltr'>sequemur</span> <span class='ocrx_word' id='word_1_172' title='bbox 946 2475 1005 2540; x_wconf 89' lang='lat' dir='ltr'>du·</span> 
     </span>
     <span class='ocr_line' id='line_1_25' title="bbox 70 2561 1002 2648; baseline 0.008 -29"><span class='ocrx_word' id='word_1_173' title='bbox 70 2574 146 2640; x_wconf 86' lang='lat' dir='ltr'>cem,</span> <span class='ocrx_word' id='word_1_174' title='bbox 179 2582 356 2645; x_wconf 91' lang='lat' dir='ltr'>numquam</span> <span class='ocrx_word' id='word_1_175' title='bbox 381 2561 602 2642; x_wconf 89' lang='lat' dir='ltr'>aberrabimus,</span> <span class='ocrx_word' id='word_1_176' title='bbox 635 2561 878 2648; x_wconf 81' lang='lat' dir='ltr'>sequemurque⁹</span> <span class='ocrx_word' id='word_1_177' title='bbox 900 2575 933 2628; x_wconf 90' lang='lat' dir='ltr'>et</span> <span class='ocrx_word' id='word_1_178' title='bbox 961 2562 1002 2641; x_wconf 81' lang='lat' dir='ltr'>id,</span> 
     </span>
    </p>
   </div>
   <div class='ocr_carea' id='block_1_4' title="bbox 70 2711 1005 3882">
    <p class='ocr_par' dir='ltr' id='par_1_4' title="bbox 70 2711 1005 3882">
     <span class='ocr_line' id='line_1_26' title="bbox 72 2711 1004 2779; baseline 0.006 -21"><span class='ocrx_word' id='word_1_179' title='bbox 72 2711 98 2758; x_wconf 82' lang='lat' dir='ltr'>ad</span> <span class='ocrx_word' id='word_1_180' title='bbox 111 2714 182 2764; x_wconf 71' lang='lat' dir='ltr'>tm.</span> <span class='ocrx_word' id='word_1_181' title='bbox 195 2732 243 2778; x_wconf 88' lang='lat' dir='ltr'>spr.</span> <span class='ocrx_word' id='word_1_182' title='bbox 276 2711 310 2775; x_wconf 83' lang='lat'>(⁵)</span> <span class='ocrx_word' id='word_1_183' title='bbox 324 2716 361 2762; x_wconf 85' lang='lat' dir='ltr'>lta</span> <span class='ocrx_word' id='word_1_184' title='bbox 372 2716 467 2776; x_wconf 86' lang='lat' dir='ltr'>conjeci,</span> <span class='ocrx_word' id='word_1_185' title='bbox 479 2731 517 2762; x_wconf 90' lang='lat' dir='ltr'>ee·</span> <span class='ocrx_word' id='word_1_186' title='bbox 556 2717 648 2763; x_wconf 86' lang='lat' dir='ltr'>virtutis</span> <span class='ocrx_word' id='word_1_187' title='bbox 673 2717 788 2776; x_wconf 83' lang='lat' dir='ltr'>neglegat,</span> <span class='ocrx_word' id='word_1_188' title='bbox 815 2718 890 2779; x_wconf 87' lang='lat' dir='ltr'>ipsam</span> <span class='ocrx_word' id='word_1_189' title='bbox 911 2732 1004 2778; x_wconf 88' lang='lat' dir='ltr'>quoque</span> 
     </span>
     <span class='ocr_line' id='line_1_27' title="bbox 71 2780 1003 2842; baseline 0.011 -22"><span class='ocrx_word' id='word_1_190' title='bbox 71 2785 144 2828; x_wconf 89' lang='lat' dir='ltr'>terum</span> <span class='ocrx_word' id='word_1_191' title='bbox 155 2798 203 2829; x_wconf 89' lang='lat' dir='ltr'>non</span> <span class='ocrx_word' id='word_1_192' title='bbox 216 2797 270 2842; x_wconf 88' lang='lat' dir='ltr'>ego,</span> <span class='ocrx_word' id='word_1_193' title='bbox 287 2797 333 2842; x_wconf 91' lang='lat' dir='ltr'>quo</span> <span class='ocrx_word' id='word_1_194' title='bbox 344 2780 398 2827; x_wconf 83' lang='lat' dir='ltr'>ferri</span> <span class='ocrx_word' id='word_1_195' title='bbox 409 2795 455 2826; x_wconf 87' lang='lat' dir='ltr'>non</span> <span class='ocrx_word' id='word_1_196' title='bbox 463 2795 517 2842; x_wconf 82' lang='lat' dir='ltr'>pos·</span> <span class='ocrx_word' id='word_1_197' title='bbox 555 2784 679 2842; x_wconf 78' lang='lat' dir='ltr'>neglegere</span> <span class='ocrx_word' id='word_1_198' title='bbox 688 2782 820 2830; x_wconf 85' lang='lat' dir='ltr'>virtutem.”</span> <span class='ocrx_word' id='word_1_199' title='bbox 840 2783 1003 2841; x_wconf 82' lang='lat' dir='ltr'>Ergoincom-</span> 
     </span>
     <span class='ocr_line' id='line_1_28' title="bbox 70 2847 1004 2908; baseline 0.005 -19"><span class='ocrx_word' id='word_1_200' title='bbox 70 2853 106 2889; x_wconf 74' lang='lat' dir='ltr'>ter</span> <span class='ocrx_word' id='word_1_201' title='bbox 127 2849 215 2908; x_wconf 84' lang='lat' dir='ltr'>duplex</span> <span class='ocrx_word' id='word_1_202' title='bbox 234 2854 351 2893; x_wconf 81' lang='lat' dir='ltr'>structura</span> <span class='ocrx_word' id='word_1_203' title='bbox 372 2847 472 2892; x_wconf 83' lang='lat' dir='ltr'>nominis</span> <span class='ocrx_word' id='word_1_204' title='bbox 491 2847 516 2892; x_wconf 87' lang='lat' dir='ltr'>in</span> <span class='ocrx_word' id='word_1_205' title='bbox 555 2849 642 2908; x_wconf 84' lang='lat' dir='ltr'>pendia</span> <span class='ocrx_word' id='word_1_206' title='bbox 657 2847 783 2906; x_wconf 83' lang='lat' dir='ltr'>scripturae</span> <span class='ocrx_word' id='word_1_207' title='bbox 799 2849 878 2908; x_wconf 85' lang='lat' dir='ltr'>lapsus</span> <span class='ocrx_word' id='word_1_208' title='bbox 888 2856 923 2894; x_wconf 86' lang='lat' dir='ltr'>est</span> <span class='ocrx_word' id='word_1_209' title='bbox 933 2848 1004 2894; x_wconf 86' lang='lat' dir='ltr'>libra·</span> 
     </span>
     <span class='ocr_line' id='line_1_29' title="bbox 72 2910 1005 2974; baseline 0.002 -18"><span class='ocrx_word' id='word_1_210' title='bbox 72 2910 303 2970; x_wconf 73' lang='lat' dir='ltr'>rugaorevemrtia</span> <span class='ocrx_word' id='word_1_211' title='bbox 319 2913 427 2958; x_wconf 75' lang='lat' dir='ltr'>adversas</span> <span class='ocrx_word' id='word_1_212' title='bbox 445 2912 515 2958; x_wconf 75' lang='lat' dir='ltr'>borni·</span> <span class='ocrx_word' id='word_1_213' title='bbox 556 2913 612 2970; x_wconf 83' lang='lat' dir='ltr'>rius,</span> <span class='ocrx_word' id='word_1_214' title='bbox 634 2927 706 2972; x_wconf 90' lang='lat' dir='ltr'>quum</span> <span class='ocrx_word' id='word_1_215' title='bbox 726 2914 832 2974; x_wconf 85' lang='lat' dir='ltr'>superius</span> <span class='ocrx_word' id='word_1_216' title='bbox 853 2912 912 2958; x_wconf 87' lang='lat' dir='ltr'>illud</span> <span class='ocrx_word' id='word_1_217' title='bbox 931 2914 1005 2973; x_wconf 79' lang='lat' dir='ltr'>respi-</span> 
     </span>
     <span class='ocr_line' id='line_1_30' title="bbox 72 2975 1003 3039; baseline -0.002 -13"><span class='ocrx_word' id='word_1_218' title='bbox 72 2987 115 3031; x_wconf 66' lang='grc' dir='ltr'>Μ,</span> <span class='ocrx_word' id='word_1_219' title='bbox 131 2985 154 3026; x_wconf 81' lang='lat' dir='ltr'>ct</span> <span class='ocrx_word' id='word_1_220' title='bbox 163 2979 246 3039; x_wconf 79' lang='lat' dir='ltr'>optimi</span> <span class='ocrx_word' id='word_1_221' title='bbox 256 2975 364 3037; x_wconf 79' lang='lat' dir='ltr'>cujusque</span> <span class='ocrx_word' id='word_1_222' title='bbox 378 2982 401 3022; x_wconf 85' lang='lat' dir='ltr'>et</span> <span class='ocrx_word' id='word_1_223' title='bbox 417 2978 516 3037; x_wconf 79' lang='lat' dir='ltr'>reliquo·</span> <span class='ocrx_word' id='word_1_224' title='bbox 556 2985 627 3033; x_wconf 86' lang='lat' dir='ltr'>ceret,</span> <span class='ocrx_word' id='word_1_225' title='bbox 655 2978 875 3037; x_wconf 84' lang='lat' dir='ltr'>“quemadmodum</span> <span class='ocrx_word' id='word_1_226' title='bbox 897 2992 940 3023; x_wconf 86' lang='lat' dir='ltr'>nos</span> <span class='ocrx_word' id='word_1_227' title='bbox 960 2979 1003 3024; x_wconf 79' lang='lat' dir='ltr'>ad-</span> 
     </span>
     <span class='ocr_line' id='line_1_31' title="bbox 70 3037 1004 3103; baseline 0.005 -19"><span class='ocrx_word' id='word_1_228' title='bbox 70 3051 117 3087; x_wconf 81' lang='lat' dir='ltr'>ram</span> <span class='ocrx_word' id='word_1_229' title='bbox 127 3042 159 3100; x_wconf 84' lang='lat' dir='ltr'>(v.</span> <span class='ocrx_word' id='word_1_230' title='bbox 172 3043 289 3090; x_wconf 80' lang='lat' dir='ltr'>Dietrr&#39;cb.</span> <span class='ocrx_word' id='word_1_231' title='bbox 303 3042 345 3091; x_wconf 82' lang='lat' dir='ltr'>Qu.</span> <span class='ocrx_word' id='word_1_232' title='bbox 366 3042 405 3087; x_wconf 81' lang='lat' dir='ltr'>Gr.</span> <span class='ocrx_word' id='word_1_233' title='bbox 418 3058 440 3101; x_wconf 86' lang='lat' dir='ltr'>p.</span> <span class='ocrx_word' id='word_1_234' title='bbox 453 3043 516 3103; x_wconf 82' lang='lat'>61.);</span> <span class='ocrx_word' id='word_1_235' title='bbox 556 3057 634 3089; x_wconf 73' lang='lat' dir='ltr'>verrat</span> <span class='ocrx_word' id='word_1_236' title='bbox 647 3043 745 3090; x_wconf 75' lang='lat' dir='ltr'>homines</span> <span class='ocrx_word' id='word_1_237' title='bbox 755 3041 888 3101; x_wconf 87' lang='lat' dir='ltr'>geramus.”</span> <span class='ocrx_word' id='word_1_238' title='bbox 921 3037 952 3102; x_wconf 59' lang='grc' dir='ltr'>(ὅ)</span> <span class='ocrx_word' id='word_1_239' title='bbox 966 3043 1004 3089; x_wconf 80' lang='lat' dir='ltr'>Cf.</span> 
     </span>
     <span class='ocr_line' id='line_1_32' title="bbox 72 3107 999 3166; baseline 0.004 -15"><span class='ocrx_word' id='word_1_240' title='bbox 72 3107 305 3155; x_wconf 70' lang='lat' dir='ltr'>redemendattonem</span> <span class='ocrx_word' id='word_1_241' title='bbox 313 3107 518 3166; x_wconf 83' lang='lat' dir='ltr'>meamaequeutia</span> <span class='ocrx_word' id='word_1_242' title='bbox 557 3109 585 3154; x_wconf 71' lang='lat' dir='ltr'>de</span> <span class='ocrx_word' id='word_1_243' title='bbox 604 3109 631 3153; x_wconf 83' lang='lat' dir='ltr'>F.</span> <span class='ocrx_word' id='word_1_244' title='bbox 649 3107 681 3152; x_wconf 86' lang='lat' dir='ltr'>iti.</span> <span class='ocrx_word' id='word_1_245' title='bbox 702 3110 738 3154; x_wconf 86' lang='lat'>15.</span> <span class='ocrx_word' id='word_1_246' title='bbox 757 3110 803 3164; x_wconf 79' lang='lat'>50,</span> <span class='ocrx_word' id='word_1_247' title='bbox 822 3108 911 3153; x_wconf 85' lang='lat' dir='ltr'>“Inter</span> <span class='ocrx_word' id='word_1_248' title='bbox 932 3107 999 3155; x_wconf 84' lang='lat' dir='ltr'>illa..</span> 
     </span>
     <span class='ocr_line' id='line_1_33' title="bbox 71 3165 1003 3232; baseline 0.002 -15"><span class='ocrx_word' id='word_1_249' title='bbox 71 3165 108 3217; x_wconf 80' lang='lat' dir='ltr'>illa</span> <span class='ocrx_word' id='word_1_250' title='bbox 118 3174 276 3232; x_wconf 72' lang='lat' dir='ltr'>postulabant,</span> <span class='ocrx_word' id='word_1_251' title='bbox 296 3173 310 3196; x_wconf 88' lang='lat'>“</span> <span class='ocrx_word' id='word_1_252' title='bbox 318 3172 380 3218; x_wconf 82' lang='lat' dir='ltr'>Nam</span> <span class='ocrx_word' id='word_1_253' title='bbox 392 3172 518 3230; x_wconf 74' lang='lat' dir='ltr'>negligere,</span> <span class='ocrx_word' id='word_1_254' title='bbox 556 3171 645 3232; x_wconf 83' lang='lat' dir='ltr'>aliquid</span> <span class='ocrx_word' id='word_1_255' title='bbox 657 3182 745 3228; x_wconf 85' lang='lat' dir='ltr'>tamen,</span> <span class='ocrx_word' id='word_1_256' title='bbox 757 3174 818 3232; x_wconf 92' lang='lat' dir='ltr'>quod</span> <span class='ocrx_word' id='word_1_257' title='bbox 830 3171 941 3232; x_wconf 63' lang='lat' dir='ltr'>dijl&#39;erret,</span> <span class='ocrx_word' id='word_1_258' title='bbox 952 3187 1003 3219; x_wconf 81' lang='lat' dir='ltr'>erse</span> 
     </span>
     <span class='ocr_line' id='line_1_34' title="bbox 72 3235 1002 3299; baseline -0.001 -15"><span class='ocrx_word' id='word_1_259' title='bbox 72 3235 458 3299; x_wconf 72' lang='lat' dir='ltr'>camdesequisquesenttar‚—.”</span> <span class='ocrx_word' id='word_1_260' title='bbox 480 3237 517 3281; x_wconf 85' lang='lat' dir='ltr'>si·</span> <span class='ocrx_word' id='word_1_261' title='bbox 557 3238 705 3283; x_wconf 84' lang='lat' dir='ltr'>voluerunt.&#39;’</span> <span class='ocrx_word' id='word_1_262' title='bbox 738 3236 773 3299; x_wconf 90' lang='lat'>(⁷)</span> <span class='ocrx_word' id='word_1_263' title='bbox 791 3237 850 3282; x_wconf 89' lang='lat' dir='ltr'>Vide</span> <span class='ocrx_word' id='word_1_264' title='bbox 867 3236 897 3282; x_wconf 88' lang='lat' dir='ltr'>ad</span> <span class='ocrx_word' id='word_1_265' title='bbox 915 3238 1002 3283; x_wconf 66' lang='lat' dir='ltr'>late.</span> 
     </span>
     <span class='ocr_line' id='line_1_35' title="bbox 74 3298 1004 3363; baseline 0 -15"><span class='ocrx_word' id='word_1_266' title='bbox 74 3304 117 3348; x_wconf 82' lang='lat' dir='ltr'>mut</span> <span class='ocrx_word' id='word_1_267' title='bbox 131 3304 191 3351; x_wconf 90' lang='lat' dir='ltr'>illud</span> <span class='ocrx_word' id='word_1_268' title='bbox 203 3302 353 3363; x_wconf 86' lang='lat' dir='ltr'>perspicuum</span> <span class='ocrx_word' id='word_1_269' title='bbox 365 3309 408 3356; x_wconf 88' lang='lat' dir='ltr'>est,</span> <span class='ocrx_word' id='word_1_270' title='bbox 424 3302 449 3347; x_wconf 91' lang='lat' dir='ltr'>in</span> <span class='ocrx_word' id='word_1_271' title='bbox 468 3301 518 3348; x_wconf 85' lang='lat' dir='ltr'>istis</span> <span class='ocrx_word' id='word_1_272' title='bbox 557 3316 603 3362; x_wconf 86' lang='lat' dir='ltr'>spr.</span> <span class='ocrx_word' id='word_1_273' title='bbox 638 3298 669 3362; x_wconf 60' lang='grc' dir='ltr'>(Β)</span> <span class='ocrx_word' id='word_1_274' title='bbox 682 3302 718 3351; x_wconf 82' lang='lat' dir='ltr'>Cf.</span> <span class='ocrx_word' id='word_1_275' title='bbox 729 3305 756 3350; x_wconf 86' lang='lat' dir='ltr'>de</span> <span class='ocrx_word' id='word_1_276' title='bbox 765 3303 796 3348; x_wconf 92' lang='lat' dir='ltr'>D.</span> <span class='ocrx_word' id='word_1_277' title='bbox 808 3302 831 3347; x_wconf 89' lang='lat' dir='ltr'>ii.</span> <span class='ocrx_word' id='word_1_278' title='bbox 843 3303 864 3348; x_wconf 93' lang='lat' dir='ltr'>l.</span> <span class='ocrx_word' id='word_1_279' title='bbox 878 3302 907 3359; x_wconf 78' lang='lat'>1..</span> <span class='ocrx_word' id='word_1_280' title='bbox 918 3303 934 3328; x_wconf 87' lang='lat'>“</span> <span class='ocrx_word' id='word_1_281' title='bbox 943 3304 1004 3363; x_wconf 84' lang='lat' dir='ltr'>opti·</span> 
     </span>
     <span class='ocr_line' id='line_1_36' title="bbox 72 3364 1003 3429; baseline 0 -16"><span class='ocrx_word' id='word_1_282' title='bbox 72 3364 203 3429; x_wconf 84' lang='lat' dir='ltr'>“reliquia&#39;&#39;</span> <span class='ocrx_word' id='word_1_283' title='bbox 215 3367 351 3413; x_wconf 83' lang='lat' dir='ltr'>hominibus</span> <span class='ocrx_word' id='word_1_284' title='bbox 362 3366 517 3412; x_wconf 82' lang='lat' dir='ltr'>reverentiam</span> <span class='ocrx_word' id='word_1_285' title='bbox 556 3381 649 3413; x_wconf 89' lang='lat' dir='ltr'>marum</span> <span class='ocrx_word' id='word_1_286' title='bbox 659 3369 745 3412; x_wconf 86' lang='lat' dir='ltr'>artium</span> <span class='ocrx_word' id='word_1_287' title='bbox 763 3369 813 3414; x_wconf 79' lang='lat' dir='ltr'>vias</span> <span class='ocrx_word' id='word_1_288' title='bbox 830 3367 946 3424; x_wconf 85' lang='lat' dir='ltr'>tradere,”</span> <span class='ocrx_word' id='word_1_289' title='bbox 963 3369 1003 3413; x_wconf 89' lang='lat' dir='ltr'>ubi</span> 
     </span>
     <span class='ocr_line' id='line_1_37' title="bbox 73 3431 1003 3492; baseline 0.001 -16"><span class='ocrx_word' id='word_1_290' title='bbox 73 3443 116 3480; x_wconf 84' lang='lat' dir='ltr'>uon</span> <span class='ocrx_word' id='word_1_291' title='bbox 131 3442 181 3480; x_wconf 81' lang='lat' dir='ltr'>tam</span> <span class='ocrx_word' id='word_1_292' title='bbox 201 3432 267 3492; x_wconf 83' lang='lat' dir='ltr'>ipsis,</span> <span class='ocrx_word' id='word_1_293' title='bbox 284 3445 355 3491; x_wconf 88' lang='lat' dir='ltr'>quam</span> <span class='ocrx_word' id='word_1_294' title='bbox 375 3431 516 3490; x_wconf 85' lang='lat' dir='ltr'>eorumopi·</span> <span class='ocrx_word' id='word_1_295' title='bbox 556 3433 632 3492; x_wconf 87' lang='lat' dir='ltr'>plura,</span> <span class='ocrx_word' id='word_1_296' title='bbox 649 3439 673 3477; x_wconf 88' lang='lat' dir='ltr'>et</span> <span class='ocrx_word' id='word_1_297' title='bbox 695 3433 759 3479; x_wconf 84' lang='lat' dir='ltr'>Orat.</span> <span class='ocrx_word' id='word_1_298' title='bbox 780 3434 818 3477; x_wconf 82' lang='lat'>41.</span> <span class='ocrx_word' id='word_1_299' title='bbox 841 3433 903 3489; x_wconf 73' lang='lat'>141,</span> <span class='ocrx_word' id='word_1_300' title='bbox 925 3433 1003 3488; x_wconf 79' lang='lat' dir='ltr'>“viac,</span> 
     </span>
     <span class='ocr_line' id='line_1_38' title="bbox 73 3496 1002 3558; baseline 0.001 -17"><span class='ocrx_word' id='word_1_301' title='bbox 73 3496 177 3546; x_wconf 81' lang='lat' dir='ltr'>monibus</span> <span class='ocrx_word' id='word_1_302' title='bbox 194 3497 284 3543; x_wconf 87' lang='lat' dir='ltr'>deberi.</span> <span class='ocrx_word' id='word_1_303' title='bbox 317 3496 410 3556; x_wconf 83' lang='lat' dir='ltr'>Quippe</span> <span class='ocrx_word' id='word_1_304' title='bbox 421 3498 518 3558; x_wconf 79' lang='lat' dir='ltr'>optimus</span> <span class='ocrx_word' id='word_1_305' title='bbox 556 3511 617 3556; x_wconf 89' lang='lat' dir='ltr'>quae</span> <span class='ocrx_word' id='word_1_306' title='bbox 626 3496 657 3558; x_wconf 76' lang='lat' dir='ltr'>ad</span> <span class='ocrx_word' id='word_1_307' title='bbox 673 3497 829 3557; x_wconf 87' lang='lat' dir='ltr'>eloquentiam</span> <span class='ocrx_word' id='word_1_308' title='bbox 847 3497 943 3553; x_wconf 76' lang='lat' dir='ltr'>ferrent,</span> <span class='ocrx_word' id='word_1_309' title='bbox 954 3506 1002 3542; x_wconf 87' lang='lat' dir='ltr'>tm·</span> 
     </span>
     <span class='ocr_line' id='line_1_39' title="bbox 73 3560 1003 3626; baseline -0.003 -15"><span class='ocrx_word' id='word_1_310' title='bbox 73 3561 404 3626; x_wconf 78' lang='lat' dir='ltr'>quiaqueesthonestlssimua,</span> <span class='ocrx_word' id='word_1_311' title='bbox 415 3561 517 3607; x_wconf 88' lang='lat' dir='ltr'>honora·</span> <span class='ocrx_word' id='word_1_312' title='bbox 556 3560 636 3608; x_wconf 87' lang='lat' dir='ltr'>dere.”</span> <span class='ocrx_word' id='word_1_313' title='bbox 668 3561 783 3608; x_wconf 84' lang='lat' dir='ltr'>Victorius</span> <span class='ocrx_word' id='word_1_314' title='bbox 791 3565 889 3622; x_wconf 83' lang='lat' dir='ltr'>primam</span> <span class='ocrx_word' id='word_1_315' title='bbox 910 3562 932 3608; x_wconf 84' lang='lat' dir='ltr'>b.</span> <span class='ocrx_word' id='word_1_316' title='bbox 951 3562 1003 3616; x_wconf 71' lang='lat' dir='ltr'>vim,</span> 
     </span>
     <span class='ocr_line' id='line_1_40' title="bbox 72 3624 1002 3687; baseline -0.004 -15"><span class='ocrx_word' id='word_1_317' title='bbox 72 3627 184 3676; x_wconf 80' lang='lat' dir='ltr'>tissimus:</span> <span class='ocrx_word' id='word_1_318' title='bbox 202 3627 231 3674; x_wconf 82' lang='lat' dir='ltr'>cf.</span> <span class='ocrx_word' id='word_1_319' title='bbox 243 3629 282 3674; x_wconf 78' lang='lat'>25.</span> <span class='ocrx_word' id='word_1_320' title='bbox 294 3629 333 3675; x_wconf 87' lang='grc'>85.</span> <span class='ocrx_word' id='word_1_321' title='bbox 343 3641 389 3687; x_wconf 87' lang='lat' dir='ltr'>apr.</span> <span class='ocrx_word' id='word_1_322' title='bbox 422 3627 460 3672; x_wconf 83' lang='lat' dir='ltr'>Ad</span> <span class='ocrx_word' id='word_1_323' title='bbox 468 3640 517 3672; x_wconf 84' lang='lat' dir='ltr'>ram</span> <span class='ocrx_word' id='word_1_324' title='bbox 557 3633 582 3672; x_wconf 88' lang='lat' dir='ltr'>et</span> <span class='ocrx_word' id='word_1_325' title='bbox 591 3627 635 3672; x_wconf 76' lang='lat' dir='ltr'>vim</span> <span class='ocrx_word' id='word_1_326' title='bbox 642 3626 736 3685; x_wconf 84' lang='lat' dir='ltr'>quidem</span> <span class='ocrx_word' id='word_1_327' title='bbox 745 3627 816 3674; x_wconf 87' lang='lat' dir='ltr'>etiam</span> <span class='ocrx_word' id='word_1_328' title='bbox 824 3626 911 3686; x_wconf 87' lang='lat' dir='ltr'>recepit</span> <span class='ocrx_word' id='word_1_329' title='bbox 920 3624 1002 3678; x_wconf 77' lang='lat' dir='ltr'>Heus..</span> 
     </span>
     <span class='ocr_line' id='line_1_41' title="bbox 73 3687 1004 3751; baseline -0.004 -14"><span class='ocrx_word' id='word_1_330' title='bbox 73 3703 146 3741; x_wconf 82' lang='lat' dir='ltr'>autem</span> <span class='ocrx_word' id='word_1_331' title='bbox 157 3692 271 3741; x_wconf 76' lang='lat' dir='ltr'>adhibere</span> <span class='ocrx_word' id='word_1_332' title='bbox 289 3691 344 3737; x_wconf 88' lang='lat' dir='ltr'>licet</span> <span class='ocrx_word' id='word_1_333' title='bbox 360 3693 466 3738; x_wconf 78' lang='lat' dir='ltr'>Frontem</span> <span class='ocrx_word' id='word_1_334' title='bbox 485 3691 517 3736; x_wconf 81' lang='lat' dir='ltr'>ad</span> <span class='ocrx_word' id='word_1_335' title='bbox 556 3705 641 3751; x_wconf 88' lang='lat' dir='ltr'>nempe</span> <span class='ocrx_word' id='word_1_336' title='bbox 661 3693 707 3740; x_wconf 88' lang='lat' dir='ltr'>huc</span> <span class='ocrx_word' id='word_1_337' title='bbox 726 3691 829 3738; x_wconf 80' lang='lat' dir='ltr'>referens</span> <span class='ocrx_word' id='word_1_338' title='bbox 847 3691 913 3743; x_wconf 90' lang='lat' dir='ltr'>illud,</span> <span class='ocrx_word' id='word_1_339' title='bbox 934 3687 1004 3733; x_wconf 78' lang='lat' dir='ltr'>“Sed</span> 
     </span>
     <span class='ocr_line' id='line_1_42' title="bbox 73 3751 1004 3818; baseline -0.01 -14"><span class='ocrx_word' id='word_1_340' title='bbox 73 3759 158 3807; x_wconf 74' lang='lat' dir='ltr'>Amicos</span> <span class='ocrx_word' id='word_1_341' title='bbox 176 3759 202 3804; x_wconf 86' lang='lat' dir='ltr'>il.</span> <span class='ocrx_word' id='word_1_342' title='bbox 221 3759 243 3804; x_wconf 80' lang='lat'>6.</span> <span class='ocrx_word' id='word_1_343' title='bbox 262 3771 286 3818; x_wconf 86' lang='lat' dir='ltr'>p.</span> <span class='ocrx_word' id='word_1_344' title='bbox 305 3757 358 3803; x_wconf 85' lang='grc'><strong>305.</strong></span> <span class='ocrx_word' id='word_1_345' title='bbox 379 3756 416 3801; x_wconf 83' lang='lat' dir='ltr'>ed.</span> <span class='ocrx_word' id='word_1_346' title='bbox 440 3756 518 3812; x_wconf 77' lang='lat' dir='ltr'>Rom,</span> <span class='ocrx_word' id='word_1_347' title='bbox 556 3757 655 3804; x_wconf 74' lang='lat' dir='ltr'>maxim</span> <span class='ocrx_word' id='word_1_348' title='bbox 670 3759 705 3805; x_wconf 79' lang='lat' dir='ltr'>vir</span> <span class='ocrx_word' id='word_1_349' title='bbox 726 3757 804 3803; x_wconf 83' lang='lat' dir='ltr'>decori</span> <span class='ocrx_word' id='word_1_350' title='bbox 829 3755 860 3801; x_wconf 87' lang='lat' dir='ltr'>in.</span> <span class='ocrx_word' id='word_1_351' title='bbox 876 3755 919 3800; x_wconf 87' lang='lat' dir='ltr'>hac</span> <span class='ocrx_word' id='word_1_352' title='bbox 942 3751 1004 3801; x_wconf 85' lang='lat' dir='ltr'>ineat</span> 
     </span>
     <span class='ocr_line' id='line_1_43' title="bbox 72 3817 1004 3882; baseline -0.013 -9"><span class='ocrx_word' id='word_1_353' title='bbox 72 3825 230 3880; x_wconf 80' lang='lat' dir='ltr'>“Verumeet,</span> <span class='ocrx_word' id='word_1_354' title='bbox 246 3822 321 3879; x_wconf 85' lang='lat' dir='ltr'>illum,</span> <span class='ocrx_word' id='word_1_355' title='bbox 332 3820 373 3882; x_wconf 89' lang='lat' dir='ltr'>qui</span> <span class='ocrx_word' id='word_1_356' title='bbox 382 3820 517 3881; x_wconf 84' lang='lat' dir='ltr'>opinionem</span> <span class='ocrx_word' id='word_1_357' title='bbox 557 3822 688 3882; x_wconf 83' lang='lat' dir='ltr'>parte,-.”</span> <span class='ocrx_word' id='word_1_358' title='bbox 704 3817 1004 3882; x_wconf 74' lang='lat' dir='ltr'>(⁹)Al.ccmeqaemurqao,·</span> 
     </span>
    </p>
   </div>
   <div class='ocr_carea' id='block_1_5' title="bbox 0 0 1261 4432">
    <p class='ocr_par' dir='ltr' id='par_1_5' title="bbox 0 0 1261 4432">
     <span class='ocr_line' id='line_1_44' title="bbox 0 0 1261 4432; baseline 0 0"><span class='ocrx_word' id='word_1_359' title='bbox 0 0 1261 4432; x_wconf 95' lang='lat' dir='ltr'> </span> 
     </span>
    </p>
   </div>
  </div>
 </body>
</html>
