2472 4432
273 384 309 441 14
607 380 666 441 DE
689 379 869 440 OFFICllS

269 539 430 604 familiaris
445 538 578 604 tuendae
592 548 648 602 aut
656 539 728 604 odio
739 539 876 626 quodam
887 538 1052 604 hominum
1070 561 1176 606 suum

269 625 433 712 negotium
455 647 549 711 agere
571 623 688 702 dicant,
706 648 745 689 ne
760 625 863 690 facere
878 625 1025 711 cuiquam
1042 627 1181 692 videant

269 711 436 797 injuriam:
460 709 516 795 qui
537 709 637 774 altero
652 732 767 798 genere
782 710 957 797 injustitiae
971 724 1106 789 vacant,
1122 715 1159 776 in
1177 739 1181 778 r

268 810 370 861 terum
387 795 562 860 incurrunt.
607 795 770 860 Deserunt
793 797 876 861 enim
902 798 987 862 vitae
1010 798 1181 864 societater

268 882 342 968 quia
363 880 441 944 nihil
457 883 621 946 conferunt
635 881 667 946 in
683 904 753 946 eam
768 882 969 959 studitnihil
984 905 1117 969 operae,
1136 885 1181 948 nil

267 968 463 1032 facultatum.
500 967 659 1042 Quoniam
673 967 781 1055 igitur,
795 968 918 1035 duobus
926 970 1103 1056 generibus
1115 971 1181 1057 injr

265 1054 352 1118 titiae
368 1053 546 1138 propositis,
562 1053 763 1140 adjunximus
775 1075 884 1120 causas
895 1055 1061 1140 utriusque
1069 1063 1181 1142 generi

266 1161 382 1224 easque
397 1161 446 1202 res
460 1150 534 1204 ante
549 1139 779 1216 constituimus,
797 1140 912 1225 quibus
922 1141 1049 1227 justitia
1064 1143 1181 1206 contin

266 1234 372 1300 retur3
399 1224 500 1302 facile,
531 1225 616 1312 quod
640 1226 793 1312 cujusque
817 1226 967 1314 temporis
989 1226 1132 1290 officium
1161 1233 1181 1291 si

266 1310 449 1395 poterimus,
473 1311 534 1375 nisi
555 1323 678 1375 nosmet
690 1310 784 1460 filpsos
806 1312 897 1376 valde
919 1311 1109 1390 amabimus,
1123 1314 1181 1398 jur

266 1419 347 1460 care.
391 1402 444 1460 30.
471 1397 531 1462 Est
552 1398 634 1461 enim
658 1395 689 1460 di
723 1396 791 1462 cilis
807 1420 881 1462 cura
895 1420 996 1462 rerum
1011 1397 1181 1461 alienarum

266 1503 458 1568 quamquam
476 1483 687 1547 Terentianus
708 1483 762 1548 ille
780 1483 932 1548 Chremes
947 1482 1079 1547 humani
1093 1483 1177 1547 nihil

265 1591 299 1632 se
321 1569 458 1633 alienum
478 1580 580 1655 putat.
630 1568 693 1633 Sed
709 1579 825 1646 tamen,
843 1569 918 1654 quia
931 1569 1034 1655 magis
1049 1591 1088 1632 ea
1104 1591 1181 1654 perc

265 1653 369 1740 pimus
391 1667 487 1740 atque
509 1655 672 1732 sentimus,
689 1676 772 1740 quae
787 1654 878 1719 nobis
894 1655 969 1740 ipsis
983 1665 1039 1718 aut
1054 1676 1181 1740 prosper

265 1752 321 1804 aut
342 1741 472 1806 adversa
487 1741 648 1816 eveniunt,
676 1762 771 1840 quam
793 1740 860 1818 illa,
878 1763 960 1840 quae
974 1740 1087 1805 ceteris
1105 1741 1181 1826 (qua

265 1829 355 1911 quasi
377 1827 474 1914 longo
496 1825 662 1890 intervallo
684 1827 848 1912 rrrterjecto
870 1825 1039 1912 vrdemus),
1056 1825 1181 1890 aliterd

265 1912 326 1976 illis
348 1935 384 1976 ac
407 1911 447 1975 de
468 1911 558 1975 nobis
577 1910 765 1996 judicamus.
814 1911 973 1985 Quocirca
987 1912 1067 1976 bene
1083 1934 1181 1996 praec]

263 1999 367 2082 piunt,
395 1995 450 2081 qui
475 2005 583 2060 vetant
608 1994 779 2080 quidquam
803 2019 908 2082 agere,
938 1997 1035 2083 quod,
1063 1997 1181 2062 dubites

262 2104 399 2168 aequum
421 2082 463 2146 sit
485 2103 525 2144 an
544 2080 700 2165 iniquum.
747 2082 899 2168 Aequitas
921 2082 1005 2146 enirn
1028 2082 1112 2146 lucet
1132 2083 1181 2169 ips

263 2190 319 2253 per
334 2190 388 2231 se:
413 2166 568 2236 dubitatio
583 2165 806 2252 cogitationem
820 2167 977 2254 significat
990 2168 1133 2254 injuriae.

310 2253 357 2318 X.
380 2259 430 2330 31,
451 2252 515 2317 Sed
523 2252 667 2317 incidunt
678 2273 771 2354 saepe
783 2265 935 2402 tempora,
949 2275 1046 2341 quum
1057 2275 1103 2330 ea,
1118 2277 1180 2338 qua

263 2341 400 2408 maxime
411 2339 558 2403 videntur
570 2337 666 2424 digna
675 2359 742 2402 esse
750 2350 839 2425 Justo
873 2340 977 2403 omine
985 2360 1094 2424 eoque,
1102 2362 1180 2425 quen

263 2427 364 2494 virum
378 2425 498 2490 bonum
514 2422 657 2502 dicimus,
671 2436 904 2489 commutantur
918 2425 1060 2508 fiuntque
1071 2437 1179 2489 contra

261 2511 317 2589 ria,
342 2523 377 2575 ut
398 2511 526 2574 reddere
546 2510 734 2596 depositum,
758 2511 860 2575 facere
875 2511 1077 2596 promissum3
1100 2532 1179 2594 quae

261 2618 324 2681 que
373 2597 509 2661 ertinent
530 2595 570 2660 ud
592 2595 755 2660 veritatem
777 2607 809 2661 et
825 2597 864 2661 ad
878 2597 982 2671 fidem,
1001 2617 1037 2658 ea
1051 2595 1179 2682 migrare

260 2620 420 2747 interdum
442 2693 474 2747 et
498 2705 562 2746 non
588 2703 711 2747 servare
732 2682 768 2747 fit
786 2683 921 2782 justum.
969 2680 1087 2746 Referri
1109 2680 1178 2744 enin

261 2768 352 2833 decet
364 2768 404 2832 ad
413 2791 460 2845 ea,
474 2789 556 2852 quae
566 2766 658 2853 posui
666 2767 821 2853 principio
828 2767 1030 2832 fundamenta
1033 2765 1171 2852 justitiae

261 2854 407 2939 primum,
435 2866 471 2918 ut
496 2853 612 2922 necui
639 2863 809 2928 noceatur3
833 2851 955 2930 deinde,
981 2863 1017 2916 ut
1039 2873 1177 2916 commun

261 2939 391 3004 utilitati
406 2939 568 3011 serviatur,
617 2936 666 3001 Ea
679 2959 778 3022 quum
787 2938 942 3023 tempore²
951 2948 1176 3005 commutantur

262 3035 473 3090 commutatur
482 3023 618 3088 officium
630 3034 662 3087 ct
673 3045 735 3086 non
744 3043 866 3106 semper
874 3036 922 3088 est
935 3023 1028 3089 idern.
1064 3029 1113 3086 32.
1126 3024 1177 3088 Po-

261 3124 324 3176 test
339 3110 422 3175 enim
437 3110 576 3175 accidere
589 3109 777 3258 promissum
791 3108 920 3194 aliquod
934 3120 966 3172 et
981 3111 1177 3190 conventumi

261 3209 299 3262 ut
312 3197 345 3261 id
360 3196 440 3262 effici
454 3197 495 3260 sit
507 3196 588 3259 inuti
601 3218 618 3259 e
634 3194 684 3267 vel
699 3194 739 3273 ei,
757 3193 807 3258 cui
841 3195 1005 3258 romissum
1021 3195 1067 3273 sit,
1084 3195 1130 3258 vel
1143 3197 1176 3272 ei,

262 3284 317 3368 qui
331 3282 518 3368 promiserit.
562 3281 646 3344 Nam
657 3281 693 3358 si,
712 3291 747 3344 ut
761 3281 794 3342 in
809 3216 923 3346 tiburis
937 3292 996 3364 est,
1011 3279 1176 3366 Neptunus

262 3371 347 3457 quod
361 3369 501 3440 Theseo⁴
515 3367 709 3454 promiserat,
726 3387 790 3430 non
805 3364 939 3444 fecisset,
955 3365 1092 3431 Theseus
1105 3365 1176 3453 Hip

296 3570 325 3617 X.
343 3565 377 3630 (¹)
390 3567 409 3616 1,
422 3581 441 3622 e,
460 3566 568 3612 omittere
585 3578 621 3618 ea,
639 3566 668 3611 ab
682 3562 711 3610 tir
750 3564 767 3594 ⁶⁴
775 3563 821 3609 Sed
832 3561 950 3608 interdum
962 3563 1175 3610 commutatiofitaut

263 3636 396 3682 discedere:
414 3633 442 3678 cf,
454 3634 482 3678 de
493 3631 519 3676 F.
531 3631 564 3675 lii.
577 3630 615 3675 20.
624 3629 671 3683 (ll,
682 3629 711 3675 dc
751 3634 847 3687 tempore
874 3635 915 3673 aut
943 3628 1081 3682 necessitate,
1102 3631 1175 3674 ut-.'¹

263 3704 292 3748 Ι..
306 3702 338 3747 iii.
351 3702 372 3746 4.
388 3698 467 3750 ll..de
475 3697 505 3742 D.
516 3695 530 3740 i.
541 3697 563 3740 5.
574 3696 595 3740 8.
629 3690 663 3753 (⁹)
674 3692 708 3738 Cf.
750 3688 785 3754 (³)
796 3693 831 3738 Sc.
844 3693 903 3738 tale:
913 3691 941 3738 cl.
949 3692 1050 3738 murts.
1060 3693 1101 3748 ila,
1112 3694 1140 3738 ad
1150 3695 1174 3742 F.

262 3769 368 3814 Ambros.
379 3766 407 3812 de
421 3761 465 3822 Off.
476 3763 491 3807 l.
501 3761 540 3807 5⁰.
549 3759 613 3821 apud
622 3759 709 3815 Peurc„
749 3758 779 3814 ir,
793 3759 814 3804 4.
826 3758 849 3805 l.
883 3754 916 3819 (⁴)
929 3758 964 3805 cf.
976 3757 1008 3806 iii.
1017 3758 1051 3808 25.
1059 3758 1092 3804 al.
1103 3757 1174 3814 ilr.‚dr
