2450 4478
227 363 282 421 120
575 355 633 416 DE
656 360 838 424 osricus

221 541 259 582 eo
273 519 414 595 disseras,
439 517 494 602 qui
508 517 635 582 omnino
650 519 809 586 hominem
830 546 872 588 ex
897 524 1025 592 homine
1039 529 1149 594 tollat?
1206 542 1207 580 1

224 605 281 669 Sin
295 603 480 692 fugiendum
493 604 527 668 id
541 604 668 690 quidem
682 620 799 687 censet,
824 610 903 675 sed¹⁶
922 624 955 677 et
976 613 1080 678 multo
1103 615 1150 680 illa
1199 628 1207 666 ’1

219 692 335 776 pejora.
359 699 502 767 mortem,
527 703 753 776 paupertatem,
778 695 917 762 dolorem
929 722 938 775 ;
963 700 1147 778 eratineo,
1206 715 1207 754 1

219 776 303 860 quod
318 775 418 840 ullum
443 787 497 839 aut
524 777 661 862 eorporis
685 790 740 843 aut
761 781 905 848 fortunae
924 784 1039 850 vitium
1062 787 1150 851 animi
1206 797 1207 872 1

218 861 303 925 vitiis
319 860 446 949 gravius
461 861 630 926 existimat.
1206 921 1207 924 ,

264 947 327 1014 VI.
357 947 444 1033 Ergo
464 969 563 1010 unum
588 948 682 1013 debet
703 972 771 1015 esse
787 954 933 1020 omnibus
946 958 1148 1042 propositum,
1206 1003 1207 1006 =

217 1033 262 1097 ut¹
285 1033 394 1097 eadem
415 1032 457 1097 sit
471 1032 590 1098 utilitas
605 1035 852 1122 uniuscujusque
866 1052 899 1106 et
918 1043 1148 1108 universorum:
1206 1059 1207 1080 ³

216 1119 324 1204 quam²
338 1119 364 1182 si
387 1117 426 1182 ad
447 1141 480 1183 se
495 1119 629 1203 quisque
642 1122 753 1206 rapiet,
779 1124 968 1192 dissolvetur
981 1130 1086 1194 omnis
1097 1129 1148 1194 hu·
1205 1142 1206 1177 ³

216 1227 310 1269 mana
335 1205 502 1268 consortio.
568 1207 620 1272 27.
647 1208 755 1292 Atque
774 1210 878 1290 etiam,
903 1213 929 1278 si
953 1213 1017 1278 hoe
1042 1228 1150 1283 natura

215 1290 410 1375 praeseribit,
434 1302 470 1354 ut
484 1289 579 1353 homo
595 1291 724 1370 homini,
749 1296 940 1383 quicumque
951 1300 1005 1378 sit,
1031 1302 1148 1368 obeam

214 1377 316 1461 ipsam
337 1397 475 1453 causam,
500 1376 584 1461 quod
606 1377 634 1441 is
655 1377 749 1444 homo
772 1382 823 1455 sit,
849 1385 1030 1450 consultum
1056 1389 1148 1464 velit3

214 1483 341 1526 necesse
356 1473 404 1526 est
416 1461 588 1527 secundum
604 1465 746 1528 eamdem
768 1479 914 1534 naturam
934 1473 1078 1537 omnium
1093 1477 1150 1540 uti·

213 1546 336 1612 litatem
351 1570 418 1612 esse
433 1569 642 1613 communem.
690 1551 785 1625 Quod
800 1554 827 1617 si
841 1554 886 1620 ita
908 1571 966 1634 est,
991 1579 1056 1624 una
1081 1584 1150 1626 eon-

213 1633 362 1698 tinemur³
377 1657 485 1697 omnes
499 1645 531 1698 et
546 1635 656 1699 eadem
669 1635 741 1723 lege
756 1651 902 1705 naturae:
925 1642 1022 1728 idque
1047 1646 1149 1732 ipsum

213 1720 238 1784 si
253 1721 299 1786 ita
313 1731 371 1798 est,
397 1731 480 1784 certe
494 1720 612 1784 violare
635 1720 770 1787 alterum
795 1738 925 1792 naturae
948 1726 1022 1816 lege
1045 1732 1149 1817 prohi-

212 1805 332 1870 bemur.
381 1806 502 1869 Verum
526 1816 632 1870 autem
658 1808 812 1892 primum:
838 1835 944 1877 verum
972 1815 1074 1902 igitur
1097 1843 1148 1883 ex-

211 1903 358 1955 tremum.
405 1894 456 1953 28.
474 1889 560 1954 Nam
574 1890 653 1955 illud
661 1893 789 1978 quidem
803 1897 974 1964 absurdum
988 1913 1049 1980 est,
1065 1905 1148 1990 quod

211 1977 339 2061 quidam
364 1974 483 2052 dicunt,
511 1977 634 2060 parenti
659 2001 692 2042 se
725 1992 779 2045 aut
807 1983 895 2048 fratri
921 1985 1000 2050 nihil
1028 1989 1147 2055 detrac-

211 2072 297 2125 turos
323 2060 372 2124 sui
395 2060 550 2123 commodi
576 2084 691 2140 causa3
723 2065 817 2131 aliam
836 2071 989 2135 rationem
1014 2097 1083 2139 esse
1106 2078 1148 2140 ei-

209 2147 297 2210 vium
311 2146 514 2229 reliquorum.
561 2147 608 2226 Hi
622 2148 682 2214 sibi
701 2151 780 2216 nihil
790 2154 882 2240 juris,
907 2157 1027 2222 nullam
1051 2162 1147 2226 socie-

208 2243 306 2297 tatem
321 2231 494 2296 communis
510 2231 655 2298 utilitatis
670 2259 764 2302 causa
773 2250 918 2306 statuunt
934 2265 1002 2308 esse
1015 2268 1089 2310 eum
1104 2249 1146 2312 ci-

208 2318 319 2384 vibus:
346 2339 427 2402 quae
451 2318 607 2383 sententia
631 2343 757 2387 omnem
780 2325 963 2392 societatem
989 2329 1146 2398 distrahit⁴

207 2403 355 2470 civitatis.
404 2401 470 2476 Qui
484 2415 590 2468 autem
605 2405 719 2472 civium
737 2411 889 2476 rationem
904 2414 1013 2481 dicunt
1028 2416 1147 2483 haben-

207 2491 290 2566 dam,
314 2499 515 2552 extemorum
530 2503 658 2578 negant,
675 2492 697 2556 ii
712 2493 1072 2579 dirimunteommunem
1088 2505 1146 2569 hu-

206 2575 291 2640 mani
330 2572 430 2638 eneris
456 2575 657 2640 societatem:
682 2600 745 2662 qua
767 2582 894 2649 sublata
919 2586 1139 2667 beneficentia,

205 2597 386 2736 liberafitas,
410 2660 544 2737 bonitas,
572 2662 692 2728 ‘ustitia
705 2665 847 2732 funditus
869 2671 1004 2738 tollitur.
1053 2675 1143 2750 Quae

225 2746 260 2810 ui
272 2746 399 2823 tollunt,
424 2746 519 2812 etiam
575 2771 680 2814 versus
691 2750 766 2816 deos
781 2752 972 2822 immortales
988 2759 1078 2847 impii
1091 2763 1143 2848 ju-

205 2769 333 2896 dicandi
347 2843 439 2896 sunt:
463 2832 502 2896 ab
520 2831 570 2897 his
585 2834 669 2898 enim
684 2838 887 2905 constitutam
902 2842 984 2908 inter
999 2844 1142 2912 homines

204 2917 385 2983 societatem
415 2929 585 2996 evertunt3
623 2922 712 3006 eujus
739 2925 898 2992 societatis
927 2931 1140 2997 arctissimum
1206 2933 1207 2990 Ῑ

203 3002 365 3069 vinculum
380 3014 427 3068 est
442 3003 543 3091 magis
558 3004 699 3070 arbitrari
714 3031 781 3073 esse
802 3024 911 3078 contra
925 3027 1073 3082 naturam
1084 3019 1141 3084 ho-
1206 3029 1207 3094 1

202 3089 319 3154 minem
333 3088 454 3154 homini
477 3088 640 3155 detrahere
664 3093 713 3156 sui
738 3098 892 3163 commodi
916 3123 1020 3180 causa,
1045 3126 1140 3190 quam
1206 3101 1207 3162 Ῐ

202 3174 310 3240 omnia
323 3175 521 3240 incommoda
541 3177 645 3242 subire
659 3179 710 3244 vel
725 3193 855 3248 externa
871 3186 921 3250 vel
936 3190 1074 3274 corporis
1090 3191 1140 3256 vel
1206 3231 1207 3252 t

202 3260 297 3326 etiam
310 3260 409 3347 ipsius
424 3260 531 3340 animi,
555 3285 637 3347 quae
662 3265 761 3331 volet⁵
782 3269 919 3354 justitia.
965 3278 1018 3342 29.
1049 3275 1139 3343 Haec
1206 3295 1207 3338 t

200 3459 229 3506 ei.
241 3458 255 3504 i.
268 3458 290 3504 9.
303 3457 341 3502 28.
353 3471 399 3517 spr.
434 3453 476 3519 (¹⁶)
494 3459 566 3505 Deest
580 3460 648 3507 codd.
719 3462 761 3510 VI.
774 3461 806 3526 (¹)
819 3466 856 3512 Sc.
868 3481 952 3528 nempe
964 3467 997 3523 id,
1014 3477 1096 3518 ut-:
1108 3473 1137 3520 ci.

200 3523 279 3572 multis
288 3521 368 3584 partic.
379 3523 434 3570 red:
446 3537 501 3582 ergo
510 3525 565 3571 olim
576 3526 648 3586 scrip·
687 3527 710 3572 4.
721 3529 759 3574 20.
768 3544 815 3590 spr.
838 3526 872 3592 (⁹)
884 3532 904 3577 1.
916 3547 936 3579 e.
949 3547 1005 3579 narn
1014 3550 1076 3594 earn,
1084 3551 1136 3584 eam

200 3585 477 3638 tumsuitcauSETur:
496 3589 524 3634 cf.
543 3591 580 3636 31.
595 3593 647 3637 112.
686 3593 758 3639 enim.
793 3592 825 3657 (³)
838 3595 857 3641 1.
875 3611 896 3642 e.
913 3598 1055 3657 coercemur,
1072 3603 1136 3649 cahi-

200 3654 309 3702 extuifr.
334 3653 369 3700 De
377 3653 460 3714 copula
469 3661 547 3702 autem
556 3662 608 3704 etv.
617 3658 647 3704 ad
686 3659 776 3705 bemur.
811 3659 842 3719 (⁴)
856 3660 875 3705 1.
884 3676 904 3707 e.
914 3677 942 3708 eo
953 3672 1043 3724 spectat
1051 3675 1077 3713 ut
1088 3667 1135 3714 dis·

197 3724 212 3769 i.
225 3722 263 3768 2⁰.
276 3721 314 3768 66.
325 3732 371 3781 spr.
687 3723 770 3772 trahat
806 3724 837 3787 (⁶)
855 3726 873 3773 1.
892 3741 984 3788 aquae
1004 3733 1068 3780 volet
1081 3735 1133 3794 jus·
