2472 4432
260 361 290 422 ’6
637 383 841 429 rrrnurnrro.
939 348 945 360 ’

269 524 345 589 dum
367 526 476 611 putavi
500 537 532 590 et
558 525 762 592 varietatibus
788 527 933 593 lectionis
965 529 1095 595 decrevi
1125 552 1173 614 qu

269 630 406 695 maxime
421 653 489 696 esse
503 631 705 718 parcendum.
754 633 826 712 Sed,
856 634 1005 721 quoniam
1020 635 1055 698 in
1073 634 1115 699 iis
1133 634 1173 699 lil

269 736 437 817 elaboravi,
453 738 612 824 inquibus
624 739 867 826 penitusomnes
877 741 987 806 doctos
997 753 1099 828 atque
1112 742 1173 805 ind

270 855 320 908 tos
335 843 441 930 opinio
450 845 652 930 occupaverit
663 845 741 910 nihil
753 868 845 932 posse
858 847 1013 912 Criticum
1022 846 1135 924 hodie,
1150 870 1173 932 p

268 960 317 1015 tot
325 962 527 1016 actantorum
536 950 672 1016 virorum
682 975 771 1017 curas
779 952 813 1015 in
822 952 897 1038 ipsis
906 953 1090 1032 collocatae,
1102 952 1172 1017 hab

268 1057 353 1143 quod
368 1069 453 1145 agat,
466 1058 597 1145 jamque
611 1058 665 1122 diu
677 1058 863 1123 emendandi
883 1057 987 1124 locum
1001 1071 1102 1145 atque
1119 1083 1173 1123 ma

269 1163 347 1229 riam
358 1164 477 1243 deesse,
487 1164 579 1230 facile
591 1165 691 1230 sentio
703 1165 844 1252 opinioni
855 1164 930 1231 huic
941 1166 1049 1230 statim
1058 1166 1093 1230 in
1109 1165 1173 1229 lim}

269 1270 348 1336 mihi
362 1271 486 1336 obviam
502 1293 569 1336 esse
585 1272 723 1337 eundum
745 1271 900 1358 planeque
915 1294 987 1337 cum
1002 1294 1039 1336 ea
1054 1271 1173 1337 debella

268 1377 353 1456 dum,
380 1377 407 1441 si
430 1377 523 1442 modo
544 1377 629 1442 intra
655 1389 808 1442 meaemet
832 1377 915 1442 vitae
937 1378 1076 1463 spatium
1098 1377 1173 1441 labo

268 1483 331 1548 mei
344 1482 595 1548 aestimationem
617 1483 755 1569 aliquam
770 1483 836 1548 fieri
852 1483 957 1549 velim.
1005 1483 1044 1547 Id
1060 1506 1136 1548 vero
1152 1506 1173 1545 u

267 1589 388 1654 ratione
412 1611 505 1676 posse
528 1610 579 1654 me
601 1590 725 1676 assequi
751 1589 831 1654 mihi
852 1589 1036 1676 persuadeo,
1061 1589 1089 1653 si
1114 1590 1173 1676 (qu

268 1696 367 1760 nolim
382 1717 572 1783 quemquam
594 1695 775 1782 arrogantia
794 1695 895 1783 magis
910 1718 980 1760 mea
995 1718 1092 1781 quam
1107 1719 1173 1760 nect

191 1847 193 1854 ι
269 1803 349 1867 sario
365 1800 509 1866 arbitrari
523 1799 657 1887 factum)
674 1823 715 1865 ex
730 1800 1001 1867 emendationibus
1016 1802 1095 1866 meis
1110 1801 1173 1865 dele

268 1919 317 1974 tas
339 1908 476 1996 potiores
491 1928 555 1970 uno
569 1907 602 1971 in
618 1920 790 1994 conspectu
807 1907 859 1972 hic
874 1919 947 1973 ante
962 1907 1071 1974 oculos
1086 1907 1173 1973 lecto

269 2036 421 2102 posuero:
446 2035 527 2100 quae
541 2025 616 2079 sunt
630 2014 689 2079 hae
702 2039 755 2079 :-

667 2180 762 2246 LIB.
790 2181 816 2245 I.

311 2311 343 2372 3.
359 2311 402 2384 9.,
422 2315 445 2347 “
457 2307 652 2394 afferaatque
663 2331 701 2373 ea
712 2308 883 2394 ancipitem
894 2329 1001 2372 curam
1016 2331 1052 2373 co
1077 2309 1172 2376 'tandi

272 2393 372 2481 Vulg.
399 2393 577 2495 affiratque
599 2417 670 2460 auc.
696 2418 724 2459 c.
749 2418 777 2459 c.
823 2393 892 2477 (De
914 2405 1026 2459 neutro
1040 2415 1061 2482 p
1075 2397 1172 2462 uralir

271 2479 334 2546 duo
348 2479 498 2545 feminina
511 2479 612 2544 relato
627 2480 698 2545 vide
712 2480 752 2544 ad
768 2485 819 2545 25.
836 2485 889 2546 85.
905 2481 933 2544 if
947 2481 971 2568 .)

311 2567 342 2630 6.
362 2570 423 2644 19,
445 2575 575 2651 “aqua
590 2578 695 2632 tamen
711 2566 747 2632 fit
761 2567 949 2632 intermissio
964 2590 1055 2654 saepe
1060 2569 1171 2652 jastiqt

269 2651 383 2716 dantur
397 2650 437 2716 ad
451 2652 554 2716 studia
568 2653 717 2717 reditus'’
765 2652 866 2740 Vulg.
882 2657 1043 2738 multique.

314 2741 364 2802 13.
380 2740 446 2814 40,
464 2745 486 2777 “
504 2740 749 2804 Sodoma-ec-C.
768 2737 932 2804 Fabricius
947 2741 1106 2828 perfugam
1124 2739 1171 2826 Py

268 2822 326 2886 rho
340 2821 486 2888 dedidit.''
534 2822 634 2910 Vulg.
648 2835 778 2888 senatus
792 2835 823 2888 ct
843 2827 880 2889 C.
892 2827 1067 2889 Fabricius.

315 2910 364 2973 16.
374 2913 439 2986 51,
453 2917 499 2972 “e
509 2908 624 2994 quibus
633 2909 711 2995 ipsis
721 2920 810 2974 certo
819 2909 864 2974 sic
872 2910 1085 2988 observentur,
1092 2922 1170 2976 ut--.

273 2994 374 3081 Vulg.
389 3005 505 3060 cetero.

315 3085 365 3146 18.
391 3082 456 3157 61,
483 3078 589 3144 “hinc
614 3079 793 3158 Maximus,
821 3079 1005 3157 Marcellus
1033 3080 1170 3146 innumera

269 3165 349 3231 biles
363 3166 448 3231 alii.’'
497 3165 598 3253 Vulg.
613 3167 687 3230 binc
701 3169 752 3232 M.
769 3167 956 3230 Marcellus.

313 3255 366 3316 20.
391 3253 454 3330 70„
481 3251 581 3316 “His
604 3251 687 3316 idem
710 3251 905 3339 propositum
930 3251 1001 3329 fuit,
1029 3251 1107 3336 quod
1134 3277 1169 3320 re

269 3339 483 3421 perentibus?
530 3337 631 3425 Vulg.
646 3341 782 3420 reqibue.

313 3428 366 3489 28.
382 3429 447 3502 99.,
466 3432 488 3464 “
502 3422 689 3488 Adhibenda
699 3435 747 3488 est
757 3423 857 3511 igitur
868 3422 1023 3511 quaedam
1036 3429 1169 3494 reverend

272 3508 421 3575 adversus
436 3510 598 3593 opiniones
613 3520 645 3574 et
659 3509 772 3597 optimi
782 3510 934 3597 cujusque
943 3520 976 3574 et
985 3509 1168 3596 reliquorum.

275 3595 374 3685 Vulg.
390 3596 540 3661 domines.

337 3687 389 3751 29.
409 3686 491 3760 104,
518 3691 540 3722 “
558 3681 648 3748 Alter
664 3691 713 3749 est
730 3730 739 3748 .
756 3729 764 3747 .
782 3731 790 3747 .
806 3685 934 3750 bonerto
949 3686 1065 3751 domine
1078 3684 1168 3772 dignu
