2472 4432
399 373 476 436 LIB.
499 373 524 432 l.
547 373 638 434 CAP.
659 375 708 430 21.
985 377 1020 446 31

61 529 297 616 tranquillitas
313 531 412 596 animi
422 542 453 596 et
468 531 616 597 securitas
631 531 722 609 adsit,
740 553 820 682 qqae
829 530 918 596 affert
927 551 1025 618 quum

63 618 295 682 constentiam
312 628 381 682 tum
395 618 489 682 etiam
503 617 700 704 dignitatem.
788 617 847 682 ulti
867 629 972 683 autern
992 632 1025 684 et

62 714 141 768 sunt
161 714 199 768 et
223 704 375 781 fuerunt,
399 704 453 789 qui
464 727 543 781 eam,
560 726 656 788 quam
670 703 750 782 dico,
766 704 1024 789 tranquillitatem

64 800 268 874 expetentes
301 813 322 854 a
347 791 482 876 negotiis
517 790 652 875 publicis
681 811 714 853 se
745 789 958 855 removerunt⁸
985 792 1025 856 ad

64 877 243 962 otiumque
269 873 503 963 perfugerunt⁸.
550 876 589 939 ln
609 875 660 940 his
678 886 710 939 et
725 875 910 940 nobilissimi
924 875 1026 964 philo-

65 961 162 1047 sophi
178 963 356 1048 longeque
371 961 526 1048 principes
541 961 710 1046 etquidem
724 960 867 1025 homines
882 964 982 1028 severi
992 976 1025 1028 et

66 1069 186 1135 graves
210 1047 294 1112 nec⁹
310 1047 418 1133 populi
441 1070 498 1111 nec
513 1048 690 1134 principum
704 1069 805 1111 mores
820 1048 898 1112 ferre
913 1063 1025 1134 potue-

68 1147 144 1198 runt
157 1158 166 1209 ;
191 1133 419 1218 vixeruntque
439 1132 583 1197 nonnulli
597 1133 630 1196 in
646 1132 739 1219 egris,
757 1131 905 1198 delectati
919 1157 953 1199 re
967 1158 1024 1200 sua

68 1219 236 1284 familiari.
289 1221 341 1286 70.
369 1219 429 1282 His
450 1219 535 1282 idem
557 1219 752 1305 propositum
773 1220 843 1297 fuit,
861 1220 945 1304 quod
959 1244 1025 1286 rem

69 1305 307 1391 gerentibns¹⁰,
325 1317 362 1368 ut
385 1327 425 1368 ne
450 1326 513 1390 qua
535 1327 567 1368 re
590 1317 730 1392 egerent,
748 1327 787 1369 nc
804 1306 854 1370 cui
869 1321 1021 1391 parerent,

70 1391 228 1457 libertate
246 1402 432 1467 uterentur;
455 1391 545 1476 eujus
560 1390 720 1477 proprium
735 1404 782 1456 est
797 1393 841 1456 sic
857 1393 972 1471 vivere,
988 1407 1024 1458 ut

72 1476 165 1542 velis.

118 1563 239 1627 XXI.
268 1563 388 1638 Quare,
412 1583 509 1647 quum
533 1561 593 1626 hoc
617 1584 781 1627 commune
805 1562 846 1626 sit
866 1565 1024 1648 potentiae

71 1650 274 1736 cupidorum
289 1669 362 1713 cum
372 1647 420 1725 iis,
444 1669 523 1733 quos
543 1647 617 1726 dixi,
642 1649 768 1724 otiosis3
790 1648 881 1713 alteri
904 1672 937 1714 se
958 1651 1024 1715 adi-

74 1735 157 1818 pisci
180 1735 218 1798 id
229 1756 325 1835 posse
339 1734 538 1811 arbitrantur,
563 1734 589 1797 si
609 1757 684 1821 opes
707 1756 838 1821 magnas
863 1734 1021 1814 habeant3

74 1820 182 1899 alteri,
212 1843 241 1885 sr
254 1819 397 1883 contenti
408 1819 470 1884 sint
481 1819 524 1884 et¹
538 1841 596 1883 suo
616 1832 649 1884 et
663 1842 783 1906 parvo:
806 1819 838 1883 in
863 1842 926 1905 qno
948 1844 1024 1886 neu-

75 1919 208 1972 trorum
231 1905 361 1969 omnino
381 1905 606 1969 contemnenda
633 1906 791 1970 sententia
816 1920 863 1970 est
875 1930 884 1982 3
915 1906 1024 1974 sedet

76 1992 208 2057 facilior
219 2004 251 2056 et
261 1991 360 2056 tutior
374 2001 406 2054 et
419 1991 522 2054 minus
537 1991 606 2055 aliis
621 1991 727 2078 gravis
741 2003 796 2056 aut
817 1994 949 2058 molesta
961 1995 1024 2060 vita

77 2091 128 2143 est
143 2080 324 2144 otiosorum
340 2098 349 2152 3
371 2075 559 2141 fmctuosior
572 2089 678 2141 autem
689 2077 851 2141 hominum
870 2079 979 2164 generi
991 2095 1024 2146 et

77 2164 120 2228 ad
134 2165 317 2231 claritatem
328 2162 626 2249 amplitudinemque
640 2163 742 2249 aptior
763 2186 881 2242 eorum,
905 2165 960 2251 qui
989 2189 1023 2231 se

78 2251 120 2314 aa
130 2273 201 2317 rem
213 2248 374 2336 publicam
385 2260 416 2312 et
427 2249 466 2312 ad
476 2270 606 2335 magnas
622 2272 671 2314 res
685 2249 838 2336 gerendas
849 2273 1024 2316 accommo-

79 2335 250 2402 daverunt.
298 2335 350 2401 71.
378 2335 578 2421 Quapropter
592 2346 624 2398 et
642 2335 681 2398 iis
696 2334 824 2398 forsitan
851 2336 1022 2401 conceden-

81 2421 159 2486 dum
181 2423 225 2488 sit
239 2442 308 2484 rem
323 2420 481 2506 publicam
495 2441 558 2483 non
573 2420 818 2506 capessentibus,
842 2422 898 2507 qui
922 2424 1024 2488 excel-

82 2507 163 2574 lenti
177 2505 323 2595 ingeni0²
346 2505 504 2570 doctrinae
525 2528 593 2569 sese
613 2505 818 2582 dediderunt3
842 2518 874 2571 et
896 2507 945 2587 iis,
967 2512 1023 2596 qui

83 2607 140 2659 eut
148 2591 340 2660 valetudinis
349 2591 565 2656 imbecillitate
573 2602 629 2656 aut
639 2591 919 2715 aliqua³graviore⁴
929 2617 1023 2660 causa

84 2681 229 2768 impediti
243 2699 307 2744 are
319 2677 656 2764 publicarecesserunt,
672 2699 771 2763 quum
793 2679 862 2764 ejus
881 2679 1025 2747 adminis-

89 2899 152 2946 Tusc.
165 2899 197 2945 iv.
218 2898 255 2943 15.
274 2897 312 2943 35.
346 2893 377 2958 (9)
391 2896 535 2943 bireme-
575 2908 621 2956 spt.
656 2892 700 2958 (¹⁰)
714 2897 750 2942 lta
767 2898 847 2958 scripsi
863 2913 905 2959 pro
922 2901 1022 2946 absurda

86 2967 144 3012 rint.
153 2961 334 3025 ‚petsugeriutr
352 2975 373 3006 v.
381 2963 411 3008 ael
422 2962 444 3008 2.
456 2963 478 3006 5.
489 2975 536 3020 spr.
575 2963 679 3021 vulgata,
697 2963 756 3023 quod
770 2965 880 3024 regibus!
920 2966 1021 3012 Eosdem

87 3026 119 3089 (⁹)
131 3031 232 3076 Frustra
244 3027 319 3074 Heus,
331 3041 344 3072 e
354 3027 400 3072 Gn.
409 3028 430 3072 3.
440 3027 480 3086 qui
488 3041 536 3082 nec,
576 3026 639 3072 infra
650 3026 714 3083 dicit,
726 3029 741 3052 ⁴‘
750 3028 790 3087 qni
799 3043 824 3073 se
833 3030 863 3074 ud
874 3044 947 3090 remp.
958 3032 1020 3078 etad

88 3103 112 3139 ut
119 3095 210 3140 frustra
215 3093 288 3138 etiam
297 3091 405 3137 Davisius
414 3091 537 3138 relativum
577 3106 673 3151 magnas
684 3107 721 3138 res
735 3093 849 3152 gerendas
860 3093 1019 3142 accommoda-

88 3159 185 3204 immisit
209 3157 239 3203 de
263 3156 295 3202 Ν.
324 3156 354 3202 D.
377 3156 393 3202 i.
414 3157 453 3204 36.
475 3155 537 3212 lul,
576 3156 678 3202 verint„”

87 3222 222 3283 “Aegyptii
236 3222 327 3267 nullam
338 3221 439 3277 beluam,
448 3219 492 3266 nisi
504 3223 533 3266 ob
606 3222 672 3268 xxi.
685 3218 719 3283 (¹)
732 3222 751 3268 l.
765 3237 786 3269 e.
798 3235 841 3268 suc
856 3231 880 3270 et
901 3237 929 3271 eo
940 3237 1019 3284 parvo.

87 3289 189 3348 aliquam
215 3287 533 3333 utilitatem...consecreve-
574 3282 652 3348 (²)Sc.
668 3299 740 3346 quum
757 3297 849 3334 essent:
866 3290 907 3335 scd
924 3301 949 3336 re
967 3303 1022 3337 vera

87 3362 156 3407 runt;
182 3353 248 3398 velut
269 3351 319 3396 ibes
338 3348 357 3412 [,
369 3347 438 3413 quae]
457 3350 533 3396 maxi·
574 3351 644 3397 debet
653 3351 697 3396 hoc
708 3352 826 3400 excellenti
837 3355 928 3415 iugenio
938 3355 968 3400 ud
979 3357 1020 3401 de-

88 3431 149 3464 mam
160 3417 210 3463 vim
221 3415 365 3475 serpentium
377 3409 532 3468 conficiunt;'’
573 3416 750 3461 monstrativum
761 3417 838 3476 potius
858 3420 986 3476 pertinere;
997 3431 1020 3470 ,1.

87 3481 204 3542 quomodo
220 3481 292 3526 etiam
303 3481 328 3525 in
340 3481 413 3526 altero
428 3480 534 3540 ejusdem
573 3481 603 3526 ad
609 3481 641 3526 N.
651 3480 681 3524 D.
692 3479 725 3526 iii.
737 3482 775 3526 ut.
788 3481 826 3527 83.
843 3479 877 3543 (3)
890 3483 948 3530 Vide
956 3484 986 3529 ad
998 3483 1020 3530 7,

88 3547 162 3608 operis
172 3549 225 3593 loco
234 3546 259 3591 li.
269 3547 307 3591 66.
320 3546 380 3602 lus,
392 3546 535 3605 “multusquc
573 3545 612 3590 23.
627 3557 673 3604 spr.
715 3542 748 3607 (⁴)
771 3545 889 3594 intensive
909 3556 933 3594 et
954 3551 1022 3592 ubso-

87 3611 231 3671 praeterea,”
252 3609 330 3670 lapsus
349 3618 385 3656 est
401 3611 437 3655 vir
453 3610 535 3656 doctus
573 3611 630 3655 lute.
664 3604 697 3669 (⁵)
709 3611 744 3656 01.
764 3613 872 3671 exempla
894 3609 1021 3672 particulae

89 3669 317 3738 (torennaoptnnr)
330 3671 398 3722 Misc.
412 3676 476 3721 Obrs.
488 3671 534 3718 vol·
573 3687 641 3735 quum
652 3687 705 3720 cum
717 3678 786 3722 verbo
806 3678 871 3736 quasi
890 3690 932 3735 pro
948 3675 1020 3733 purti-

89 3741 120 3787 iii.
131 3749 187 3788 tom.
195 3741 218 3787 2.
225 3747 248 3802 p.
260 3741 312 3788 171.
347 3740 406 3787 Vide
418 3741 448 3786 ad
460 3741 482 3786 8.
495 3737 534 3783 2⁵.
574 3739 634 3801 cipio
646 3742 820 3800 praesentique
834 3742 872 3786 Or.
882 3740 897 3785 i.
910 3738 948 3784 et.
960 3738 1021 3795 112..
