2450 4478
254 385 292 443 88
586 377 644 441 DE
673 377 854 440 OFFlCllS

254 543 302 609 vis
322 541 467 630 justitiae
492 543 543 619 sit,
567 553 604 606 ut
627 563 664 606 ea
686 541 781 606 etiam
805 541 963 606 latronum
988 563 1070 628 opes
1095 541 1199 606 firmet

252 640 348 714 atque
361 639 488 715 augeat,
505 639 656 713 quantam
671 629 740 712 ejus
754 627 817 690 vim
830 628 913 692 inter
926 627 1016 712 leges
1027 641 1064 693 et
1076 629 1200 714 judicia

254 727 286 778 et
300 715 331 777 in
348 713 521 778 constituta
535 736 568 777 re
582 713 710 798 publica
722 713 787 776 fore
802 715 975 798 putamus?

299 799 387 863 XII.
410 803 463 862 41.
481 798 566 864 Mihi
580 798 708 884 quidem
719 820 782 861 non
794 798 876 884 apud
893 799 1009 863 Medos
1024 799 1151 877 solum,
1169 812 1200 862 ut

253 886 297 950 ait
314 885 507 964 Herodotus,
530 885 694 950 sedetiam
716 883 799 969 apud
814 885 946 970 majores
961 897 1093 949 nostros
1104 885 1200 971 justi·

253 971 316 1036 tiae
330 971 478 1036 fruendae
493 992 587 1036 causa
601 969 749 1033 videntur
761 969 836 1032 olim
855 970 935 1034 bene
958 971 1078 1035 morati
1105 993 1198 1055 reges

254 1056 429 1121 constituti.
475 1056 570 1133 Nam,
595 1076 693 1140 quum
707 1066 900 1140 premeretur
924 1056 956 1119 in
981 1056 1060 1119 otio¹
1087 1057 1200 1120 multi-

255 1143 331 1207 tudo
346 1143 385 1207 ab
400 1143 449 1221 iis,
473 1143 527 1228 qui
542 1142 675 1226 majores
691 1162 766 1225 opes
780 1139 949 1219 habebant,
966 1142 1006 1205 ad
1020 1164 1129 1206 unum
1145 1143 1200 1206 ali-

254 1250 349 1314 quem
363 1229 588 1330 confugiebant
611 1226 727 1290 virtute
748 1238 976 1311 praestantem
998 1228 1069 1312 qui,
1098 1251 1198 1313 quum

252 1314 444 1399 prohiberet²
469 1315 583 1400 injuria
605 1312 772 1388 tenuiores,
797 1313 955 1397 aequitate
970 1314 1197 1377 constituenda

253 1423 390 1466 summos
411 1423 484 1465 cum
505 1398 618 1464 infimis
629 1397 696 1482 pari
706 1399 778 1482 jure
792 1398 956 1463 retinebat.
1005 1397 1197 1484 Eademque

254 1487 541 1552 constituendarum
574 1485 680 1570 legum
712 1483 773 1546 fuit
805 1505 908 1559 causa,
947 1505 1028 1568 quae
1068 1507 1195 1572 regum.

253 1576 306 1636 42.
322 1573 342 1637 J
345 1595 381 1637 us
396 1573 479 1638 enim
493 1593 614 1657 semper
628 1581 677 1633 est
691 1569 869 1652 quaesitum
883 1569 1051 1654 aequabile
1065 1594 1074 1634 :
1093 1594 1196 1656 nequa

254 1659 338 1721 enim
352 1659 454 1724 aliter³
468 1669 550 1723 esset
568 1659 633 1742 jus.
680 1654 718 1718 Id
741 1655 767 1717 si
791 1654 832 1718 ab
855 1676 919 1718 uno
937 1656 1027 1740 justo
1051 1669 1087 1720 et
1113 1657 1196 1721 bono

254 1745 322 1807 viro
354 1745 634 1830 consequebantur,
658 1750 747 1804 erant
773 1762 810 1803 eo
834 1741 999 1804 conteuti:
1033 1763 1139 1826 quum
1164 1742 1192 1804 id

254 1831 357 1894 minus
383 1831 589 1914 contingeret,
622 1826 710 1913 leges
733 1836 807 1889 sunt
829 1825 986 1903 inventae,
1010 1849 1098 1911 quae
1124 1849 1193 1890 eum

255 1915 402 1979 omnibus
417 1937 538 1998 semper
553 1935 616 1975 una
635 1923 730 1997 atque
745 1911 854 1975 eadem
878 1934 954 1976 voce
976 1912 1193 1998 loquerentur.

258 2001 346 2099 Ergo
357 1999 418 2063 hoc
433 1999 559 2084 quidem
573 1999 771 2084 perspicuum
786 2008 843 2074 est,
857 2019 910 2061 eos
924 1999 963 2061 ad
972 1997 1194 2084 imperandum

255 2084 350 2170 deligi
362 2084 481 2161 solitos,
506 2105 639 2168 quorum
653 2083 691 2146 de
714 2082 839 2170 justitia
852 2104 904 2146 ma
929 2105 969 2147 na
984 2097 1069 2149 esset
1085 2085 1192 2171 opinio

254 2169 476 2235 multitudinis.
523 2169 793 2255 Adjuncto⁴vero,
820 2181 854 2233 ut
877 2106 972 2233 iidem
996 2169 1094 2233 etiam
1120 2192 1193 2256 pru-

254 2256 364 2321 dentes
379 2255 579 2332 haberentur,
603 2253 681 2318 nihil
697 2265 772 2332 erat,
796 2255 881 2339 quod
895 2254 1038 2318 homines
1052 2255 1093 2320 iis
1120 2277 1191 2319 auc·

253 2342 373 2408 toribus
389 2364 451 2404 non
467 2363 557 2426 posse
582 2340 730 2424 consequi
752 2362 786 2403 se
808 2340 1044 2405 arbitrarentur.
1094 2341 1189 2406 Omni

254 2428 351 2515 igitur
366 2426 487 2491 ratione
502 2425 632 2490 colenda
647 2437 679 2488 et
694 2425 855 2489 retinenda
876 2426 1000 2511 justitia
1014 2437 1075 2504 est,
1093 2449 1187 2512 quum

253 2515 322 2600 ipsa
343 2535 399 2598 per
422 2534 488 2576 sese
515 2513 603 2597 (nam
625 2511 716 2575 aliter
734 2510 858 2598 justitia
888 2533 950 2573 non
976 2515 1089 2596 esset),
1124 2524 1186 2576 turn

254 2611 380 2686 propter
394 2597 668 2683 amplificationem
683 2595 809 2660 honoris
824 2607 856 2660 et
875 2596 1002 2682 gloriae.
1054 2598 1130 2674 Sed,
1155 2610 1185 2659 ut

255 2684 407 2770 pecuniae
418 2706 482 2747 non
490 2682 684 2770 quaerendae
698 2683 801 2746 solum
812 2682 889 2746 ratio
898 2694 956 2758 est,
974 2684 1186 2747 verumetiam

253 2770 463 2847 collocandae,
487 2791 568 2855 quae
582 2778 750 2854 perpetuos
775 2778 896 2832 sumtus
911 2768 1105 2854 suppeditet,
1130 2792 1183 2832 nec

254 2857 356 2921 solum
380 2856 580 2928 necessarios,
605 2853 770 2918 sedetiam
791 2853 954 2927 liberales3
977 2853 1023 2918 sic
1038 2854 1141 2940 gloria
1154 2869 1182 2916 et

255 2941 431 3028 quaerenda
446 2954 478 3006 et
493 2939 675 3005 collocanda
685 2939 805 3003 ratione
814 2953 872 3003 est.
916 2943 968 3003 43.
988 2938 1184 3026 Quamquam

253 3028 411 3115 praeclare
431 3026 576 3091 Socrates
597 3023 678 3089 hanc
693 3025 777 3090 viam
800 3025 840 3089 ad
863 3024 995 3112 gloriam
1015 3027 1183 3111 proximam

255 3127 287 3179 et
311 3113 400 3200 quasi
420 3111 681 3199 compendiariam
700 3111 824 3176 dicebat
838 3133 916 3189 esse,
940 3111 1052 3197 siquis
1068 3112 1100 3177 id
1117 3135 1185 3200 age·

287 3302 343 3349 Xll.
365 3299 398 3363 (¹)
422 3303 440 3348 l.
461 3317 481 3348 e.
503 3315 576 3361 quum
596 3299 700 3346 nondum
740 3313 806 3346 meus
827 3301 852 3345 tn
874 3300 963 3346 inicio:
981 3299 1050 3346 Bcrn.
1074 3301 1095 3346 3.
1115 3303 1182 3354 initio,

253 3369 314 3415 bella
322 3378 373 3415 orta
383 3375 473 3414 carent:
486 3367 571 3427 quippe
580 3365 633 3410 beili
641 3372 700 3411 tem·
740 3366 802 3424 quod
814 3379 856 3426 pro
868 3366 892 3409 in
903 3367 948 3410 otia
957 3365 1052 3411 memini
1062 3379 1101 3410 me
1112 3365 1135 3410 in
1147 3377 1181 3410 co-

254 3447 310 3494 pore
324 3447 370 3479 non
390 3434 423 3479 ita
438 3433 508 3479 t'acile
527 3431 652 3477 multitudo
659 3441 699 3476 aut
739 3430 790 3476 dice
806 3431 906 3490 quodam
926 3430 1027 3488 reperire
1040 3429 1110 3475 etiam
1125 3431 1181 3489 apud

254 3499 350 3558 impune
362 3499 435 3558 premi
448 3504 529 3560 potest.
564 3497 625 3554 Lege
640 3511 699 3555 quae
741 3497 875 3542 Sallustium
886 3495 915 3541 B.
934 3495 957 3541 J.
976 3496 1025 3540 la:
1043 3495 1104 3553 vulg:
1125 3499 1181 3554 inops

255 3564 284 3610 de
301 3564 366 3623 regIo
386 3564 482 3622 imperio
500 3561 606 3607 instituto
628 3561 699 3606 tradit
739 3560 867 3607 multitado.
902 3559 935 3621 (⁹)
955 3560 992 3605 Cl.
1011 3575 1054 3618 pro
1070 3559 1097 3605 L.
1117 3559 1179 3606 att.

254 3629 378 3675 Sallustius
397 3629 466 3674 Catil.
483 3642 502 3673 c.
526 3627 563 3677 23
579 3625 619 3684 qui
638 3626 700 3671 idern
743 3627 787 3679 18.,
800 3626 931 3672 calamitate
939 3625 1066 3684 probibere,
1084 3632 1107 3670 et
1123 3625 1133 3682 i
1148 3626 1179 3668 19.

256 3695 298 3739 otii
310 3707 385 3740 mores
404 3694 490 3753 optime
502 3691 607 3750 depingit
617 3691 671 3750 lag.
681 3705 700 3734 c.
740 3704 755 3735 a
765 3691 872 3749 periculo.
906 3687 938 3750 (³)
949 3689 1010 3734 vide
1020 3689 1050 3733 ad
1058 3688 1074 3732 i.
1084 3689 1118 3735 39.
1134 3691 1178 3734 139.

254 3760 294 3805 tl.
337 3760 368 3805 Et
389 3758 421 3804 sic
445 3759 502 3816 Reg.
524 3769 623 3808 omnes3
646 3769 700 3799 nam
741 3769 786 3814 spr.
821 3753 855 3814 (⁴)
867 3755 921 3800 Vid.
933 3755 994 3799 Cort.
1009 3753 1038 3799 ad
1057 3754 1146 3800 Sallust.
1159 3769 1178 3814 p.
