2450 4478
218 345 275 408 lla
567 351 626 411 DE
648 351 830 413 OFFICIIS

218 517 307 583 tum
330 529 424 594 quam
439 509 480 576 ab
493 509 542 590 iis,
566 511 683 597 quibus
697 521 730 575 et
751 510 923 576 honesturn
946 508 1069 597 aliquid
1092 533 1148 574 non
1196 595 1197 600 ἵ

217 592 296 657 utile
317 606 351 658 et
374 594 452 659 utile
473 619 536 661 non
559 595 738 662 honestum.
784 596 889 661 Nobis
915 608 1021 661 autem
1047 608 1151 661 nostra

220 676 390 744 Academia
408 703 460 745 ma
485 705 556 747 nam
571 683 730 748 licentiam
744 682 809 760 dat,
834 681 906 760 ut¹⁰,
932 683 1150 768 quodcumque

217 762 354 828 maxime
369 703 533 852 probahile
548 779 700 845 occurrat,
723 768 755 832 id
769 779 876 832 nostro
897 768 971 854 jure
984 767 1082 834 liceat
1104 767 1151 832 de·

217 848 354 914 fendero.
403 852 464 916 Sed
481 853 574 918 redeo
589 854 628 918 ad
642 853 818 918 formulam.

264 935 305 998 V.
322 941 372 1002 2l.
391 937 567 1004 Detrahere
585 940 684 1027 igitur
698 939 788 1004 alteri
802 938 923 1025 aliquid
936 950 969 1004 et
983 937 1150 1003 hominem¹
1195 939 1197 944 ’

216 1019 351 1086 hominis
366 1023 563 1090 incommodo
578 1047 671 1090 suum
690 1024 887 1095 commodum
911 1046 1030 1112 augere
1054 1024 1151 1111 magis

217 1118 266 1170 est
288 1119 397 1173 eontra
421 1121 575 1189 naturam,
606 1133 702 1196 quam
724 1133 819 1189 mors,
850 1131 946 1196 quarn
971 1122 1149 1197 paupertas,

217 1213 312 1277 quarn
327 1194 425 1273 dolor,
449 1218 544 1281 quam
559 1207 672 1274 cetera,
697 1218 778 1282 quae
792 1207 924 1283 possunt
949 1207 1006 1260 aut
1032 1195 1150 1282 corpori

217 1277 357 1343 accidere
381 1293 437 1346 aut
461 1282 555 1346 rebus
579 1282 727 1346 externis.
782 1282 868 1346 Nam
914 1281 1048 1368 rinoipio
1071 1281 1149 1346 tollit

216 1363 396 1429 convictum
410 1365 583 1432 humanum
597 1380 630 1432 et
644 1368 837 1433 societatem.
886 1304 921 1432 di
936 1368 1022 1431 enim
1037 1368 1085 1432 sio
1100 1367 1152 1431 eri·

219 1469 289 1514 mus
304 1451 430 1531 affecti,
458 1465 494 1517 ut
508 1464 635 1540 propter
649 1476 741 1518 suum
757 1454 889 1555 quisque
904 1453 1152 1518 emolumenturn

217 1536 345 1620 spoliet³
359 1549 415 1604 aut
427 1538 523 1604 violet
532 1540 675 1617 alterum,
689 1539 842 1626 disrumpi
858 1561 986 1604 neeesse
998 1550 1048 1604 est
1059 1539 1149 1614 eaml,

217 1642 299 1705 quae
314 1625 449 1689 maxime
464 1637 512 1690 est
526 1625 697 1689 seeundum
711 1637 865 1702 naturam,
882 1624 1016 1688 humani
1031 1625 1150 1712 generis

216 1707 410 1774 societatem.
455 1715 507 1775 22.
526 1711 585 1788 Ut,
602 1712 629 1775 si
641 1709 884 1796 unumquodque
896 1712 1076 1775 membrum
1088 1733 1151 1774 sen-

218 1815 288 1858 sum
316 1795 400 1860 huno
423 1794 562 1875 haberet,
596 1807 632 1861 ut
659 1819 749 1882 posse
775 1809 899 1881 putaret
923 1818 958 1859 se
983 1797 1100 1873 valere,
1123 1796 1147 1860 si

217 1880 351 2026 proximi
365 1881 497 1945 membri
512 1882 724 1947 valetudinem
739 1881 824 1946 adse
843 1881 1045 1960 traduxisset,
1068 1881 1151 1946 debi-

229 1964 300 2027 itari
315 1976 347 2028 et
361 1967 487 2029 interire
501 1976 603 2030 toturn
628 1990 740 2054 corpus
764 1989 890 2031 necesse
916 1979 1022 2044 esset3
1046 1968 1103 2044 sie,
1125 1968 1148 2031 si

217 2070 299 2112 unus
322 2049 432 2135 uisque
446 2053 588 2116 nostrum
603 2054 705 2139 rapiat
729 2052 768 2117 ad
789 2075 822 2117 se
842 2053 1007 2118 commoda
1021 2054 1150 2118 aliorum

217 2071 432 2222 detrahatque,
467 2137 551 2222 quod
575 2139 689 2224 cuique
712 2138 833 2225 possit⁵,
868 2139 1076 2204 emolumenti
1105 2139 1148 2203 sui

216 2220 329 2306 gratia,
353 2221 486 2286 societas
506 2223 671 2287 hominum
694 2237 727 2290 et
753 2224 961 2288 communitas
982 2237 1146 2301 evertatur,
1195 2287 1196 2308 ,

217 2328 343 2372 necesse
363 2321 422 2372 est.
468 2308 563 2389 Nam,
587 2311 648 2375 sibi
662 2310 711 2374 ut⁶
725 2311 858 2458 ‹puisque
883 2309 985 2387 malit,
1010 2311 1094 2397 quod
1112 2311 1146 2374 ad

217 2412 309 2456 usum
325 2393 407 2456 vitae
421 2394 586 2480 pertineat,
611 2418 706 2483 quam
721 2417 740 2458 a
754 2395 810 2460 teri
830 2395 1003 2481 acquirere,
1027 2418 1147 2462 conces-

217 2497 287 2540 sum
305 2489 362 2555 est,
387 2502 451 2543 non
474 2495 670 2568 repugnante.
694 2494 823 2558 natura;
846 2481 924 2544 illud
949 2493 1066 2547 natura
1089 2505 1145 2546 non

216 2566 345 2648 patitur,
370 2575 405 2630 ut
420 2565 552 2631 aliorum
567 2568 675 2654 spoliis
691 2580 812 2632 nostras
830 2566 1010 2644 facultates,
1036 2570 1144 2656 copias,

216 2669 236 2711 o
259 2670 292 2712 es
307 2671 490 2736 augeamus.
535 2658 584 2717 23.
614 2653 729 2739 Neque
744 2675 818 2718 vero
833 2652 893 2716 hoc
908 2652 1012 2716 solum
1028 2667 1142 2730 natum,

215 2669 324 2798 idest‘
334 2737 406 2821 jure
425 2739 579 2825 gentium,
603 2739 658 2803 sed
682 2738 777 2804 etiarn
801 2737 925 2824 legibus
950 2740 1142 2824 populorum,

216 2820 331 2906 quibus
345 2822 378 2884 in
394 2823 527 2911 singulis
542 2824 722 2889 civitatibus
742 2823 932 2910 respublica
947 2824 1142 2901 contineturl,

216 2905 326 2970 eodem
340 2909 433 2973 modo
447 2911 653 2974 constitutum
669 2921 727 2987 est,
751 2921 789 2976 ut
802 2932 867 2974 non
887 2909 980 2974 liceat
1004 2911 1053 2974 sui
1067 2933 1143 2976 eom·
1194 2975 1195 2992 ,

215 2992 300 3056 modi
312 3015 406 3059 causa
420 2994 545 3060 nocere⁹
559 2996 659 3060 alteri.
707 2995 780 3060 Hoc
795 2995 880 3059 enim
894 3007 1040 3081 spectant
1054 2997 1141 3084 leges,
1194 3003 1195 3089 l

216 3139 260 3205 (¹⁶)
270 3144 289 3190 Ι.
297 3159 317 3191 e.
327 3160 411 3207 nempe
419 3146 480 3193 hanc
491 3148 621 3205 datur-1
632 3149 663 3195 cf.
703 3148 752 3194 dari
763 3165 768 3194 :
780 3163 802 3194 v.
811 3149 841 3194 ad
852 3147 867 3194 i.
875 3149 913 3194 ll.
928 3146 981 3195 147.
990 3163 1038 3209 apr.
1059 3147 1090 3213 (⁴)
1101 3151 1116 3197 l.
1124 3165 1141 3196 e.

215 3210 238 3255 6.
249 3210 287 3258 26.
301 3209 338 3257 ilr.
702 3213 735 3268 id,
746 3214 810 3275 quod
821 3213 923 3259 maxime
932 3215 1097 3262 estsecundum
1105 3229 1142 3261 na·

249 3274 278 3320 V.
297 3272 330 3337 (¹)
352 3275 408 3323 Le.
424 3277 546 3324 detrahere
565 3279 664 3340 aliquem
703 3287 788 3334 turam,
797 3293 828 3324 sc.
840 3279 974 3325 societatem
982 3280 1006 3324 h.
1015 3295 1038 3339 g.
1061 3278 1141 3342 (⁵)Np.

215 3336 250 3401 (v.
261 3340 292 3385 ad
300 3340 316 3386 i.
329 3341 366 3386 38.
377 3339 567 3404 167.spr.)alteri
576 3344 664 3404 aliquid
703 3344 833 3390 detrahere.
868 3338 903 3405 (⁶)
920 3343 984 3390 Nota
994 3355 1079 3404 quanta
1093 3360 1139 3392 oum

215 3412 247 3462 et,
256 3419 329 3462 quum
340 3405 370 3451 sit
378 3406 456 3464 homo,
464 3408 564 3455 hominis
575 3409 664 3455 incom·
704 3409 726 3455 ri
737 3423 865 3470 pronomen
877 3409 1003 3468 particulae
1022 3423 1138 3470 praepona-

215 3471 335 3517 modo··.
369 3468 403 3533 (²)
421 3473 467 3532 Np.
487 3474 579 3520 animo:
597 3474 624 3519 cf.
647 3473 663 3520 i.
703 3482 756 3519 tur:
774 3474 804 3520 cf.
825 3476 846 3520 6.
867 3476 905 3519 29.
922 3472 967 3530 in,
986 3477 1089 3522 neminem
1107 3481 1136 3522 at.

217 3536 255 3584 20.
268 3537 306 3582 66.
318 3550 372 3596 spa,
391 3539 413 3583 6.
426 3538 463 3584 29.
474 3538 513 3584 ilr.
547 3536 580 3601 (³)
594 3539 663 3596 Nota,
704 3535 737 3600 (⁷)
750 3540 821 3585 Orell.
839 3539 909 3584 tacite
927 3544 1013 3586 nutura
1030 3546 1052 3586 rt
1062 3539 1082 3601 j.
1096 3556 1136 3602 g.‚·

216 3616 289 3662 quum
299 3616 314 3648 a
323 3602 408 3662 plurali
419 3605 489 3650 verbo
500 3603 611 3660 altorem,
628 3612 663 3650 ta·
702 3604 801 3650 frustra:
823 3603 869 3649 vid.
880 3603 983 3661 Madvig.
996 3604 1025 3650 ad
1036 3605 1062 3651 dr
1073 3606 1097 3652 F.
1129 3637 1135 3650 .

216 3681 271 3714 men
280 3675 380 3714 ceteram
392 3675 532 3715 structuram
549 3670 579 3716 ad
590 3670 663 3715 inter-
705 3669 757 3715 144.
770 3684 804 3728 sq.
837 3664 1075 3730 (³)Ctl.7.20.spr.
1106 3620 1134 3731 (l)

215 3733 317 3794 positum
335 3748 401 3794 pron.
420 3735 514 3797 quisque
533 3748 663 3782 accommo·
703 3734 738 3780 Sc.
756 3735 873 3794 aliquem
890 3733 922 3779 sic
933 3733 1041 3792 iteruml
1056 3735 1089 3782 24.
1100 3751 1105 3780 :
1116 3749 1134 3779 v.
