2472 4432
278 377 296 434 8
647 391 851 442 runurnrro.

277 561 371 623 quam
386 560 503 613 eorum,
528 541 683 639 opinione
690 538 745 622 qui
759 538 821 601 ista
835 539 896 603 dist
884 540 1055 610 traxerint’
1059 543 1168 604 ’Vu

279 635 408 708 “quam
423 645 531 686 eorum
547 625 734 704 opznrffonem
760 623 878 708 qui-.

318 715 350 776 9.
367 713 432 785 39.
459 718 481 748 “
496 709 695 808 Quamquam
715 708 862 797 [ambigi]
883 722 938 796 pot
940 723 987 776 est
925 687 1034 777 ttid
1056 713 1169 798 quiden

277 755 436 859 Nimirum
451 793 586 880 reposito
603 794 709 871 verbo,
734 795 819 879 quod
833 796 985 861 excidisse
1000 799 1136 863 videtur.

320 884 369 944 12.
392 885 458 958 51,
496 879 773 992 “venditoremq
791 881 925 946 ,dicere
948 884 1026 948 vitia
1051 898 1170 971 oporter

274 978 378 1031 cetera
392 967 459 1030 sine
475 968 604 1030 indiciis
620 967 744 1052 agerel'
794 967 900 1069 Vulg.
910 972 1048 1035 insidiis.

323 1057 373 1115 18.
390 1055 453 1129 14,
470 1051 559 1137 “qui
575 1074 637 1114 non
653 1051 815 1117 defendit
780 1054 954 1138 tmjuriam
968 1078 1072 1160 neque
1087 1079 1171 1142 prop

273 1149 322 1202 sat
336 1160 356 1201 a
370 1141 491 1220 quovis,
516 1159 614 1222 quum
630 1149 686 1223 pot
673 1140 766 1202 t.’'est
817 1139 914 1226 Vulg.
931 1164 952 1204 a
967 1147 1046 1208 suis.

316 1228 369 1288 32
383 1228 465 1301 114.
482 1233 504 1264 “
514 1245 604 1286 non
622 1246 725 1309 qur
716 1223 876 1309 periculo
885 1227 994 1292 mortis
1005 1231 1171 1311 defucssen

276 1329 377 1416 Vulg.
393 1332 424 1393 d
416 1331 604 1414 ffuqcssent

319 1457 423 1544 Igitur
438 1456 497 1521 hae
512 1458 586 1536 fere,
610 1455 719 1534 lector,
744 1456 978 1521 emendationes
993 1481 1080 1522 meae
1107 1459 1160 1546 (ut

272 1564 405 1628 leviores
431 1563 575 1628 omittam
602 1574 634 1626 et
663 1585 727 1640 eas,
763 1563 879 1649 quibus
904 1586 968 1627 non
995 1574 1120 1628 tantum
1146 1567 1173 1652 ip

272 1669 379 1748 tribui,
405 1669 438 1734 in
465 1679 649 1734 contextum
676 1678 712 1731 ut
735 1667 903 1732 immittere
929 1667 1092 1754 auderem)
1125 1671 1173 1755 ju(

272 1776 355 1842 cium
370 1787 462 1840 tuum
477 1784 673 1860 exspectant.
721 1773 829 1858 Atque
841 1773 900 1837 hae
912 1773 1038 1858 quidem
1049 1773 1095 1838 ita
1106 1799 1174 1840 ever

271 1895 307 1948 ut
324 1883 399 1970 (nisi
419 1880 505 1968 quod
525 1878 622 1944 semel
638 1891 734 1965 atque
749 1880 864 1943 iterum
879 1879 1144 1967 significationem
1159 1907 1174 1948 a

270 2009 366 2072 quam
379 1986 493 2050 codicis
508 2006 578 2047 sum
590 1985 758 2071 sequutus)
775 1984 839 2049 sint
854 2008 962 2050 omnes
988 2010 1006 2051 e
1030 1991 1175 2075 conjectu

269 2090 446 2179 profectae:
471 2089 523 2153 cui
543 2111 580 2152 eo
605 2088 676 2174 plus
700 2088 733 2152 in
756 2088 805 2155 his
821 2090 908 2156 libris
922 2093 983 2156 fuit
999 2091 1175 2159 tribuendur

270 2223 333 2286 quo
348 2200 444 2286 longe
459 2197 564 2284 plures
578 2195 672 2259 MSti
683 2195 816 2275 codices,
830 2219 925 2282 quem
936 2197 969 2261 in
982 2198 1047 2262 ullo
1057 2199 1119 2263 alio
1127 2201 1176 2265 Au

270 2307 346 2371 toris
369 2328 473 2392 opere,
495 2306 562 2390 jam
584 2313 659 2367 sunt
681 2304 804 2367 excussi
828 2314 923 2389 atque
947 2304 1062 2382 collati,
1087 2328 1174 2392 quoq

268 2413 372 2478 minus
384 2411 493 2498 utiquc
504 2409 642 2474 auxiliia
653 2408 811 2474 codicibus
823 2409 898 2473 iicet
911 2423 1102 2495 exspectare.
1138 2413 1157 2476 J
1161 2436 1176 2476 a

269 2540 344 2582 vcro
359 2518 391 2580 in
406 2516 600 2603 philologica
623 2527 712 2603 parte
735 2516 893 2601 quomodo
914 2516 973 2580 sim
996 2530 1149 2598 versatus,
1173 2553 1176 2578 ι

268 2622 372 2688 indice
388 2632 493 2708 potest
509 2621 670 2708 cognosci.
718 2621 880 2697 Ceterum,
906 2619 1101 2687 adnotationi
1113 2646 1176 2709 quu

268 2729 476 2794 decrevissem
496 2750 592 2813 quam
615 2727 825 2791 arctissimum
847 2727 977 2793 modum
1001 2739 1151 2809 statuere,

268 2847 375 2924 posset
390 2856 486 2920 quam
501 2832 631 2896 minimo
647 2854 726 2918 opus
739 2843 771 2897 et
786 2831 864 2895 mihi
885 2844 917 2896 et
932 2833 1041 2898 lectori
1057 2849 1176 2902 constar

267 2942 362 3006 simul
375 2941 408 3006 id
419 2941 526 3004 curavi
541 2950 577 3003 ut
592 2939 705 3024 saltem
720 2938 810 3024 quasi
831 2937 951 3003 semina
961 2941 1115 3024 quaedam
1127 2943 1176 3008 har

267 3047 376 3134 exigui
390 3043 607 3111 commentarii
622 3043 721 3108 critici
734 3067 772 3108 ac
791 3041 976 3130 philologici
997 3044 1030 3110 in
1054 3069 1091 3110 ea
1112 3071 1176 3112 coni

266 3162 433 3227 nerentur3
465 3172 536 3215 vere
560 3161 596 3213 ut
619 3149 713 3214 liceat
737 3148 827 3227 mihi,
854 3149 976 3235 opinor,
1001 3151 1062 3217 hoc
1084 3155 1176 3238 quide

266 3257 453 3345 praedicare,
490 3277 664 3342 numquam
694 3256 829 3321 antehac
860 3268 985 3322 tantum
1017 3259 1049 3324 in
1084 3271 1175 3324 tantu

266 3364 386 3429 editum
402 3385 480 3428 esse.

302 3533 433 3596 Dudliair',
454 3534 525 3605 Ipsis
540 3531 599 3586 Cal.
615 3532 761 3593 Jonuariis,
778 3549 935 3586 nucccxuu.
