2450 4478
393 378 471 437 LIB.
494 377 553 438 111.
576 373 668 438 CAP.
688 379 716 435 3.
966 379 1022 435 115

40 561 125 604 non
138 547 383 626 repugnarent.
419 537 514 612 Quod
525 559 625 623 quum
636 537 680 600 ita
689 536 740 612 sit,
757 545 871 620 putant
881 536 1019 623 quidam,

43 624 148 690 hanc
169 622 447 710 comparationem
461 646 524 687 non
541 635 626 687 recte
640 621 861 700 introductam,
879 645 937 686 nec
953 645 1022 687 om·

45 713 141 776 nino
171 710 217 775 de
243 732 281 773 eo
306 731 422 796 genere
444 709 615 795 quidquam
642 708 894 794 praecipiendum
914 709 1021 774 fuisse.

49 799 187 882 Atque
202 795 286 860 illud
309 794 436 879 quidem
452 795 630 869 honesturn,
648 794 733 879 quod
747 794 871 880 proprie
886 817 1021 881 vereque

47 883 202 959 dieitur,
229 881 283 946 id¹¹
302 881 335 944 in
355 880 550 966 sapientibus
576 890 625 944 est
646 881 720 944 solis
741 902 843 965 neque
865 903 884 944 a
906 881 1023 946 virtute

50 969 187 1034 divelli
210 989 368 1052 umquam
382 977 486 1052 potest
499 990 507 1042 ;
530 967 562 1030 in
577 966 616 1030 iis
631 977 747 1042 autem,
765 966 797 1028 in
813 966 928 1050 quibus
944 967 1026 1054 sapi·

51 1056 162 1120 entia
178 1054 325 1140 perfecta
338 1075 400 1115 non
416 1062 474 1128 est,
491 1053 594 1137 ipsum
615 1052 695 1115 illud
709 1050 834 1136 quidem
850 1054 1022 1137 perfectum

52 1141 251 1206 honestum
276 1137 364 1201 nullo
389 1137 515 1214 modo¹²,
538 1135 780 1202 similitudines¹²
805 1136 929 1202 honesti
955 1161 1023 1204 esse

54 1236 226 1314 possunt.
275 1227 326 1287 14.
353 1223 442 1288 Haec
457 1223 540 1287 enirn
550 1224 655 1288 omnia
664 1223 776 1299 officia,
794 1222 833 1286 de
848 1223 962 1309 quibus
974 1225 1023 1289 his

58 1313 166 1378 libris
182 1310 394 1396 disputamus,
405 1309 533 1374 media¹³
546 1308 645 1373 Stoici
660 1309 831 1395 appellant.
878 1310 928 1374 Ea
939 1333 1024 1376 com-

58 1398 189 1462 munia
213 1406 290 1460 sunt
311 1406 343 1460 et
364 1395 427 1459 late
450 1404 578 1480 patent:
602 1417 682 1480 quae
697 1407 729 1458 et
742 1393 863 1480 ingenii
878 1395 1023 1461 bonitate

61 1483 171 1548 multi
198 1491 411 1566 assequuntur
439 1491 472 1544 et
501 1480 717 1568 progressione
740 1480 889 1545 discendi.
936 1482 1022 1546 Illud
1065 1542 1067 1546 ,

63 1583 186 1635 autem
203 1568 353 1644 officium,
368 1566 452 1652 quod
466 1577 586 1630 rectum
601 1565 697 1630 iidem
711 1565 885 1651 appellant,
902 1569 1023 1651 perfec-

65 1671 147 1721 tum
169 1665 271 1739 atque
294 1653 474 1717 absolutum
495 1662 600 1730 estet,
618 1663 654 1716 ut
668 1650 763 1715 iidem
777 1650 896 1728 dicunt,
914 1674 1023 1718 omnes

66 1739 255 1806 numeros¹⁴
281 1738 376 1802 habet
402 1761 460 1802 nec
483 1749 607 1823 praeter
628 1737 800 1822 sapientem
830 1736 963 1801 eadere¹⁵
988 1740 1022 1803 in

67 1847 274 1913 quemquam
295 1836 410 1911 potest.
458 1829 507 1888 15.
534 1824 643 1898 Quum
664 1834 769 1887 autem
785 1822 903 1908 aliquid
917 1834 1023 1888 actum

68 1924 138 1990 est,
162 1912 198 1975 in
222 1933 287 1996 quo
306 1910 408 1974 media
433 1909 533 1974 officia
556 1921 767 1995 compareant,
784 1907 816 1971 id
839 1909 1022 1975 cumulate¹⁶

69 1999 290 2063 videturesse
305 1997 497 2082 perfectum3
520 2008 685 2081 propterea
700 1993 786 2080 quod
800 1994 926 2082 vulgus,
944 1997 1020 2081 quid

71 2085 162 2149 absit
178 2105 198 2147 a
211 2083 363 2168 perfecto,
374 2104 438 2145 non
450 2081 538 2145 fere¹⁷
546 2080 700 2167 intelligit
712 2103 720 2156 3
744 2093 899 2165 quatenus
915 2094 1021 2146 autem

71 2167 269 2256 intelligitffi,
295 2167 374 2231 nihil
399 2177 490 2253 putat
514 2167 780 2253 praetermissum.
828 2167 923 2241 Quod
943 2167 1020 2233 item

73 2257 109 2319 in
131 2254 300 2341 poematis,
324 2254 357 2316 in
380 2253 510 2338 picturis
534 2275 592 2316 usu
613 2251 723 2315 venit¹⁹
736 2251 769 2315 in
788 2252 919 2337 aliisque
936 2275 1020 2318 com·

75 2341 235 2426 pluribus
252 2338 315 2403 ut¹⁰
324 2340 518 2403 delectentur
526 2337 663 2425 imperiti
673 2337 864 2423 laudentque
876 2360 923 2415 ea,
937 2360 1019 2422 quae
1103 2393 1104 2396 ,

75 2425 239 2490 laudanda
254 2447 317 2488 non
333 2425 406 2501 sint,
423 2425 463 2488 ob
480 2447 558 2502 eam,
576 2423 677 2500 credo,
690 2445 827 2501 causam,
845 2422 931 2509 quod
944 2425 1018 2488 insit

74 2514 111 2574 in
126 2512 166 2575 iis
183 2509 305 2597 aliquid
328 2510 428 2595 probi,
453 2510 538 2595 quod
558 2510 660 2595 capiat
677 2509 814 2595 ignaros,
832 2509 887 2595 qui
909 2508 1015 2587 iidem,

76 2597 158 2682 quid
171 2597 205 2660 in
218 2617 408 2680 unaquaque
417 2619 450 2660 re
460 2596 529 2660 vitii
540 2597 591 2671 sit,
605 2606 762 2678 nequeant
770 2595 920 2680 judicare.
953 2597 1019 2661 Ita-

77 2705 152 2768 que,
171 2704 271 2768 quum
286 2692 361 2745 sunt
375 2681 459 2746 docti
474 2703 493 2745 a
507 2681 625 2767 peritis,
640 2679 730 2744 facile
745 2680 900 2745 desistunt
915 2705 934 2746 a
948 2704 1019 2747 sen-

78 2783 191 2832 tentia.

82 2922 120 2965 28.
142 2934 189 2980 spr.
224 2915 268 2980 (¹¹)
280 2918 339 2965 Vide
356 2919 386 2964 ad
397 2919 412 2965 i.
425 2920 462 2965 35.
477 2920 529 2964 126.
570 2934 630 2965 non:
648 2919 676 2966 cf.
694 2920 722 2965 de
742 2919 771 2964 F.
790 2917 805 2964 i.
824 2920 845 2965 6.
866 2920 911 2976 18,
924 2919 989 2968 Ture.
1002 2920 1017 2967 i.

79 2985 206 3044 spr.,adde
216 2985 300 3030 Matth.
311 2985 340 3030 ad
350 2999 382 3029 or.
395 2985 419 3030 in
429 2983 528 3030 eutitii.
572 2985 608 3032 17.
628 2987 674 3040 38,
691 2985 719 3031 de
737 2985 766 3030 A.
784 2985 822 3031 26.
841 2984 879 3032 72.
914 2982 957 3048 (¹⁸)
968 2986 1017 3032 Im·

87 3052 122 3096 12.
136 3049 176 3097 27.
211 3044 255 3110 (¹¹)
268 3049 305 3095 cf.
317 3051 344 3096 de
354 3049 384 3094 D.
396 3050 419 3095 ii.
432 3050 470 3094 33.
483 3047 529 3105 71.,
570 3064 609 3095 mo
622 3065 685 3104 vero,
705 3051 796 3111 opinor,
812 3061 927 3112 quatenus
943 3054 1017 3099 minus

80 3117 94 3138 “
105 3115 184 3160 Haec.
195 3115 329 3160 ,εἱπιιιῖαονα
345 3122 399 3160 sunt
410 3114 527 3174 auspicio·
569 3115 687 3174 intelligit.
730 3115 767 3160 An
785 3130 841 3175 ergo
860 3115 884 3160 in
905 3131 1016 3178 compen-

80 3195 142 3235 rurn,
162 3179 266 3238 auspicia
284 3179 346 3224 nullo
363 3179 449 3225 modo.”
484 3175 527 3239 (¹³)
569 3180 635 3226 diosa
647 3180 761 3238 scriptura
772 3180 908 3226 adverbium
921 3182 1016 3237 excidit,

81 3245 116 3290 Cf.
129 3246 144 3291 i.
158 3245 180 3290 3.
193 3246 214 3290 8.
226 3259 272 3301 spr.
306 3239 527 3304 (uendendi.
568 3244 1017 3304 oute‘min'intelligit?rf.deN.D.iii.

82 3309 103 3356 7.
116 3310 165 3365 24,
178 3310 206 3356 de
225 3309 256 3354 N.
267 3308 298 3354 D.
309 3309 333 3353 ii.
352 3310 387 3354 13.
400 3307 446 3365 37,
457 3310 486 3354 de
497 3308 529 3353 D.
572 3311 592 3354 1.
602 3311 632 3366 4.,
642 3311 656 3334 “
667 3308 762 3366 Cogito.
773 3324 819 3363 .ea,
830 3323 890 3366 quae
898 3315 971 3357 minus
979 3311 1018 3356 in·

82 3375 96 3419 i.
116 3375 153 3420 13.
174 3375 213 3419 23.
250 3369 293 3432 (¹¹)
311 3373 348 3419 cf.
366 3375 394 3420 de
411 3373 439 3419 F.
452 3373 475 3418 ii.
489 3375 526 3419 35.
569 3369 1015 3433 teltexi.requireres*(¹⁹)vid.M0ser.

85 3439 146 3494 117.,
163 3439 194 3484 iv.
207 3439 229 3483 6.
245 3437 281 3483 15.
298 3438 341 3492 bis,
359 3453 378 3483 v.
391 3439 429 3484 31.
442 3437 488 3493 93,
500 3439 528 3484 de
568 3438 598 3484 ud
610 3438 675 3484 Tusc-
685 3437 700 3482 i.
711 3439 748 3482 36.
759 3437 797 3484 73.
807 3454 829 3498 p.
838 3438 892 3484 246.
926 3436 969 3500 (¹⁰)
981 3442 1016 3486 De

84 3505 114 3550 Ν.
131 3505 162 3550 D.
182 3504 206 3549 ii.
226 3504 264 3548 36.
284 3501 331 3556 77.,
351 3505 379 3549 de
398 3504 429 3549 D.
446 3503 469 3548 ii.
490 3503 527 3548 66.
568 3501 682 3562 particula
699 3508 725 3547 at
742 3503 765 3546 in
785 3505 877 3560 exegesi
895 3513 948 3562 post
958 3507 1020 3565 quod·

85 3569 189 3626 125.,ifr.
202 3570 241 3614 26.
255 3569 292 3613 81.
326 3563 369 3629 (¹⁶)
382 3567 527 3614 cincun.
568 3567 614 3613 vid.
632 3565 785 3625 Wopnensd..
802 3567 826 3612 T.
839 3583 860 3627 p.
874 3569 927 3614 235.
948 3567 1015 3628 [386.

85 3636 104 3679 1.
117 3635 146 3690 3.,
160 3633 251 3684 “Quae
266 3644 291 3678 ut
302 3633 371 3693 plene
382 3641 442 3678 esset
451 3648 527 3678 cuma·
568 3630 614 3694 H.]
628 3639 652 3677 et
666 3631 749 3677 Matth.
762 3633 792 3678 ad
803 3647 835 3678 or.
845 3646 887 3692 pro
899 3633 965 3678 Sulla
978 3633 1016 3677 24.

84 3700 175 3758 lateque
194 3696 363 3759 periecta,-.”
403 3693 446 3758 (¹⁷)
469 3698 487 3742 1.
507 3711 527 3742 e.
570 3699 624 3750 68.;
643 3697 704 3744 adde
725 3697 803 3744 Daris.
820 3699 849 3742 ad
869 3697 933 3743 Caes.
946 3697 1022 3744 aaa...

84 3765 184 3811 maxima
200 3779 230 3810 ex
247 3770 313 3823 parte
325 3776 380 3818 non,
392 3763 528 3823 plerumque
572 3763 599 3810 G.
614 3762 629 3808 i.
645 3763 681 3807 13.
