2472 4432
416 335 494 398 LIB.
518 335 541 394 1.
563 334 656 397 CAP.
672 335 700 396 2.
1002 338 1021 396 3

74 481 119 546 sit
131 480 310 568 judicium:
326 491 496 581 utrumque
512 489 596 544 certe
608 477 709 544 secuti
718 501 838 544 sumus.
868 483 900 542 4.
920 479 1020 566 Equi-

76 567 151 632 dem
173 577 206 632 et
225 566 393 631 Platonem
407 566 564 644 exrstimo,
582 565 608 630 si
630 587 732 653 genus
747 565 869 630 forense
898 565 1020 630 dicendi

75 664 214 718 tractare
239 652 400 730 voluisset,
413 651 598 739 gravissime
610 663 642 715 et
653 651 865 736 copiosissime
880 651 1021 737 potuisse

76 737 193 816 dicere,
202 749 243 820 vet
256 736 517 815 Demosthenem,
535 737 560 802 si
575 737 641 815 illa,
659 759 741 823 quae
756 760 776 801 a
793 737 928 802 Platone
943 737 1021 802 didi-

77 837 176 902 cerat,
188 823 342 888 tenuisset
353 836 385 888 et
400 823 603 910 pronuntiare
614 822 776 902 voluisset,
790 835 899 888 ornate
915 823 1020 909 splen-

77 910 214 996 dideque
228 910 356 974 facere⁹⁰
370 909 521 995 potuisse.
568 903 753 994 Eodemque
767 909 861 973 modo
876 909 915 973 de
932 910 1021 974 Aris-

77 996 178 1061 totele
193 1007 225 1060 et
243 995 380 1060 Isocrate
390 995 518 1082 judic03
545 1016 680 1081 quorum
695 1004 828 1081 uterque
844 1017 901 1060 suo
916 996 1020 1060 studio

78 1081 254 1146 delectatus
269 1081 438 1145 contemsit
451 1079 619 1146 alterum²¹.
722 1107 724 1112 ’

124 1167 175 1232 ΙΙ.
195 1166 268 1246 Sed,
285 1189 384 1251 quum
395 1167 573 1232 statuissem
587 1168 722 1233 scribere
737 1169 776 1234 ad
791 1178 823 1231 te
832 1166 951 1252 aliquid
960 1166 1020 1231 hoc

77 1265 234 1340 tempore,
251 1253 353 1316 multa
366 1251 509 1340 posthac,
533 1253 573 1318 ab
594 1276 632 1318 eo
655 1254 746 1318 ordiri
763 1253 870 1332 volui¹,
888 1253 973 1338 quod
989 1267 1021 1318 et

77 1340 176 1405 aetati
203 1350 276 1404 tuae
299 1350 382 1403 esset
409 1335 619 1425 aptissimum,
648 1351 680 1404 et
710 1339 890 1405 auctoritati
920 1361 1019 1404 meae.

80 1425 178 1503 Nam,
203 1447 303 1510 quum
325 1425 427 1489 multa
447 1424 565 1489 sintin
587 1425 788 1514 philosophia
810 1439 842 1490 et
864 1425 974 1524 gravia
987 1438 1020 1489 et

79 1512 172 1575 utilia
201 1523 347 1575 accurate
369 1533 406 1576 co
429 1511 557 1596 ioseque
578 1533 599 1576 a
620 1510 817 1598 philosophis
847 1511 1017 1597 disputata,

78 1597 231 1662 latissime
247 1608 354 1683 patere
370 1533 515 1660 videntur
536 1619 583 1676 ea,
607 1619 688 1748 ‹ppae
710 1598 749 1662 de
775 1596 885 1661 officiis
905 1596 1021 1662 tradita

78 1682 117 1747 ab
141 1682 206 1747 illis
232 1693 264 1746 et
288 1693 454 1768 praecepta
481 1694 567 1748 sunt.
648 1684 715 1748 ulla
739 1683 824 1747 enim
845 1681 929 1746 vitae
949 1705 1021 1767 pars

77 1791 182 1854 neque
197 1767 333 1869 publicis
350 1789 453 1854 neque
467 1769 598 1855 privatis
612 1791 716 1854 neque
729 1767 907 1834 forensibus
916 1790 1020 1854 neque

78 1854 259 1920 domesticis
269 1855 301 1917 in
318 1853 422 1933 rebus,
440 1876 543 1940 neque
558 1856 584 1920 si
599 1867 705 1920 tecum
720 1877 796 1942 agas
811 1854 897 1941 quid,
915 1875 1018 1940 neque

78 1941 104 2003 si
120 1963 193 2005 cum
205 1940 304 2005 altero
313 1938 489 2019 contrahas,
502 1963 612 2007 vacare
627 1941 729 2007 officio
741 1952 860 2026 potest:
876 1940 1021 2023 incoque

78 2039 110 2090 et
118 2026 254 2091 colendo
265 2025 326 2090 sita
337 2025 420 2090 vitae
435 2036 484 2090 est
499 2025 646 2092 honestas
661 2027 763 2091 omnis
775 2038 807 2092 et
816 2026 1021 2113 negligendo²

78 2111 254 2200 turpitudo.
291 2117 323 2175 5.
342 2113 450 2260 Atpue
472 2111 549 2176 haec
566 2113 693 2200 quidem
715 2113 859 2199 quaestio
880 2135 1021 2176 commu-

78 2199 126 2263 nis
149 2210 198 2262 est
213 2197 354 2261 omnium
370 2221 391 2284 p
414 2197 640 2286 ilosophorum.
693 2197 776 2279 Quis
790 2209 839 2280 est
853 2201 948 2276 enim,
965 2199 1019 2284 qui

78 2283 174 2349 nullis
204 2283 298 2348 officii
327 2306 438 2370 praece
462 2284 502 2350 tis
531 2283 701 2350 tradendis³
753 2281 956 2371 hilosophum
987 2306 1021 2348 se

78 2371 192 2435 audeat
206 2370 336 2434 dicere?
385 2370 426 2434 Se
458 2382 533 2436 sunt
542 2371 713 2435 nonnullae
728 2309 805 2435 disci
829 2370 922 2449 linae,
939 2389 1021 2455 quae

78 2455 250 2543 propositis
260 2455 415 2520 bonorum
429 2466 461 2521 et
475 2457 629 2521 malorum
645 2455 761 2521 finibus
776 2393 913 2520 officium
928 2478 1022 2520 omne

79 2541 290 2628 pervertunt⁴.
336 2540 432 2620 Nam,
450 2542 505 2628 qui
516 2564 675 2606 summum
684 2542 803 2607 bonum
814 2539 859 2607 sic
869 2541 1019 2620 instituit,

79 2641 115 2692 ut
138 2626 220 2691 nihil
245 2623 375 2692 habeat⁵
393 2650 466 2691 cum
481 2627 598 2714 virtute
613 2630 829 2715 conjunctum,
846 2627 942 2778 idrppe
957 2629 1022 2692 suis

79 2713 265 2796 commodis,
288 2735 352 2777 non
381 2711 547 2778 honestate
574 2713 714 2792 metitur,
739 2713 790 2778 hic
814 2713 841 2778 si
867 2713 893 2777 si
918 2714 927 2777 i
952 2713 1021 2800 ipse

79 2799 258 2864 consentiat
273 2811 304 2864 et
319 2821 383 2863 non
397 2798 569 2865 interdum⁶
590 2798 732 2865 naturae⁷
747 2798 902 2866 bonitate⁸
917 2800 1023 2866 vinca-

80 2952 101 2999 6.
113 2955 154 3000 21.
166 2949 213 3009 th,
225 2953 341 3002 tribuant.
350 2949 457 3016 jaciunt.
469 2961 493 3001 et
503 2954 532 3001 dc
570 2960 675 3004 vertant.-
687 2962 711 3002 at
722 2953 750 3001 cs.
762 2953 854 3009 14.43.,
863 2953 902 3000 20.
921 2955 959 3000 39.
977 2955 1023 3011 in..

81 3019 121 3065 Or.
143 3018 168 3066 ri.
189 3019 211 3066 8.
233 3020 293 3074 32.;
319 3020 366 3064 vid.
396 3019 475 3066 Hand.
501 3020 531 3066 ad
572 3018 984 3076 ueA.1o.ot.,ao.72.,de1nv.
1007 3022 1022 3067 i.

84 3083 202 3144 Wopkens.
223 3083 288 3131 Lert.
309 3084 370 3132 Tull.
389 3099 413 3146 p.
432 3085 455 3131 2.
489 3083 531 3145 (²¹)
573 3088 596 3132 2.
609 3089 639 3142 2.,
648 3087 676 3132 de
690 3085 729 3131 Or.
741 3085 757 3131 i.
771 3085 807 3130 12.
823 3085 871 3141 52,
891 3099 935 3144 pro
956 3086 1023 3133 Rosc.

80 3145 284 3210 Npstuctumw
399 3183 403 3190 -
572 3153 624 3199 Am.
648 3151 687 3197 33.
710 3149 748 3196 94.
782 3147 813 3211 (⁵)
830 3149 849 3195 1.
865 3164 886 3196 e.
909 3158 936 3196 ut
953 3151 1024 3208 dicar,

111 3215 144 3260 11.
184 3211 221 3276 (¹)
249 3212 331 3260 Deleri
354 3214 408 3260 adv.
435 3216 532 3262 marim
572 3217 596 3264 id
613 3215 787 3268 nihilhsherer
810 3214 878 3261 etde
901 3215 939 3262 Or.
952 3215 967 3262 i.
984 3218 1022 3264 25.

79 3279 255 3336 rarieincodd.
270 3280 386 3326 locatum:
405 3279 468 3326 err.
484 3280 531 3337 1³..
573 3283 635 3341 11⁵,
658 3280 766 3340 “Neque
781 3280 839 3327 haec
861 3281 894 3326 ita
912 3281 972 3336 dico,
998 3291 1026 3328 ut

82 3344 118 3390 ta.
129 3339 293 3402 rr.·,'81.113.
313 3344 359 3400 ist..
377 3343 446 3391 deN.
463 3344 495 3393 D.
505 3345 530 3392 ti.
571 3361 609 3394 ars
626 3345 715 3406 aliquid
740 3346 821 3392 limare
847 3359 895 3392 uon
920 3346 1024 3404 poeste?

81 3413 117 3456 to.
131 3413 191 3466 rto,
203 3409 244 3455 ubi
263 3410 345 3469 plura:
358 3410 419 3456 adde
436 3409 530 3456 Sallust.
570 3412 617 3459 rid.
634 3410 719 3458 Marto.
739 3411 770 3456 ad
786 3424 821 3457 or.
838 3425 881 3471 pro
904 3411 970 3458 Sulla
989 3413 1025 3460 tt·

81 3475 163 3532 Ι.31.,
185 3475 255 3527 “ltu.
277 3488 348 3534 quam
366 3473 464 3534 quisque
477 3490 531 3536 per·
571 3478 610 3526 4⁰.
643 3470 677 3535 (⁶)
690 3475 754 3522 Nota
766 3475 810 3522 hoc
825 3476 932 3522 additum
950 3477 1023 3523 inter·

80 3555 139 3588 eume
160 3539 226 3596 fecit,
243 3545 290 3586 taur
310 3545 373 3585 turm
394 3538 452 3585 ert.”
496 3537 532 3602 (⁸)
572 3543 638 3588 dumr
651 3540 803 3600 ergodixerir
818 3541 842 3587 in
859 3541 937 3600 priore
947 3554 1023 3586 mern·

81 3606 124 3662 Sic,
141 3606 229 3652 omisso
250 3606 325 3650 altero
341 3606 373 3658 in,
395 3604 463 3650 codd.
476 3605 532 3651 satir
571 3609 614 3654 bro
633 3607 745 3652 omissum
767 3619 931 3665 emeremper:
951 3618 971 3648 v.
993 3605 1024 3648 ad

82 3670 278 3724 multi;v.ad31.
300 3669 352 3714 112.
361 3669 398 3716 isr.
431 3667 463 3729 (³)
483 3670 532 3717 Le.
575 3671 613 3719 lo.
636 3672 674 3717 33.
697 3669 733 3716 isr.
769 3669 803 3732 (⁷)
814 3670 851 3716 Cf.
863 3671 892 3714 dc
909 3670 937 3714 F.
959 3667 983 3711 ii.
999 3669 1024 3712 9.

82 3736 137 3782 dum
159 3735 229 3783 nulla
251 3733 533 3781 ordinationum
574 3737 621 3792 2⁸..
649 3735 717 3782 “Vh
748 3747 783 3780 est
809 3735 872 3780 enirn
895 3745 1024 3790 permagna

82 3815 113 3847 or.
132 3798 336 3862 proMur.8.17.
372 3799 403 3862 (⁴)
426 3798 464 3846 ΑΙ.
479 3814 533 3860 per-
574 3799 695 3848 naturae.¹'
730 3798 813 3861 (⁸)1t'n
826 3797 865 3842 32.
880 3796 1023 3852 nostrive
