2472 4432
383 381 456 441 Lll3.
479 381 501 439 l.
524 380 613 441 CAP.
629 385 676 444 38.
957 383 995 442 59

24 539 309 628 possessionem¹⁰
334 561 424 604 suam
452 541 581 619 venerit,
614 539 780 604 excludat¹¹
810 541 909 617 alios3
943 543 998 606 sed

26 651 135 714 quum
162 626 306 712 reliquis
322 626 356 689 in
372 627 473 703 rebus,
491 639 559 691 tum
573 627 606 690 in
622 649 764 692 sermone
779 627 937 692 communi
953 629 998 692 vi-

27 711 297 778 cissitudinem¹²
312 734 377 775 non
400 712 539 798 iniquam
554 723 654 799 putet.
703 715 751 776 Ac
766 713 871 778 videat
885 713 919 777 in
934 715 998 800 pri-

28 801 100 879 mis,
117 801 251 886 quibus
268 797 309 861 de
326 797 420 861 rebus
430 798 595 883 loquatur:
619 797 646 861 si
660 798 781 877 seriis¹³,
798 799 997 865 severitatem

29 886 192 950 adhibeat
204 908 215 960 ;
232 885 260 948 si
269 884 402 970 jocosis
416 883 563 970 leporem.
597 883 635 947 In
647 882 816 969 primisque
825 885 995 971 provideat,

30 995 71 1034 ne
99 993 217 1035 sermo
243 969 360 1032 vitium
376 969 526 1054 aliqu0d¹⁴
540 969 657 1033 indicet
671 968 774 1034 inesse
788 970 819 1033 in
836 972 974 1036 moribus
987 998 995 1049 ;

32 1057 122 1142 quod
146 1056 299 1120 maxime
321 1067 391 1118 tum
413 1055 493 1120 solet
516 1055 650 1130 evenire,
675 1078 774 1140 quum
799 1056 936 1122 studiose
960 1059 998 1122 de

35 1142 235 1208 absentibus
260 1139 444 1205 detrahendi
459 1163 552 1205 causa
563 1152 617 1204 aut
629 1163 684 1226 per
699 1140 865 1205 ridiculum
880 1155 934 1208 aut
950 1167 998 1208 se-

38 1252 121 1306 vere,
155 1226 321 1291 maledice
344 1225 631 1310 contumelioseque
657 1225 781 1290 dieitur.
831 1233 900 1294 135.
929 1230 998 1294 Ha-

37 1317 158 1378 bentur
183 1324 299 1376 autem
321 1310 505 1397 plerumque
525 1333 682 1392 sermones
696 1326 751 1377 aut
766 1313 805 1377 de
820 1314 998 1380 domesticis

40 1399 192 1488 negotiis
211 1409 269 1460 aut
284 1397 324 1460 de
339 1419 373 1460 re
388 1397 512 1482 publica
526 1408 580 1461 aut
596 1397 634 1460 de
649 1398 762 1462 artium
777 1399 888 1463 studiis
903 1411 997 1486 atque

41 1487 204 1550 doctrina.
232 1482 352 1546 Danda
364 1482 461 1565 igitur
471 1505 565 1568 opera
577 1496 634 1558 est,
646 1494 693 1560 ut,
705 1483 799 1548 etiam
815 1485 842 1548 si
857 1485 998 1551 aberrare

42 1573 78 1636 ad
93 1572 163 1636 alia
179 1568 338 1654 coeperit,
352 1567 392 1630 ad
405 1569 481 1633 haec
491 1580 654 1632 revocetur
665 1570 784 1647 orati03
808 1571 861 1634 sed
877 1584 999 1635 utcum-

42 1657 133 1742 que¹⁵
157 1655 322 1720 aderunt:
347 1676 447 1737 neque
469 1653 552 1718 enim
574 1676 681 1718 omnes
704 1655 814 1719 iisdem
828 1655 867 1719 de
881 1657 1000 1721 rebus¹⁶

44 1769 101 1809 nec
112 1741 211 1807 omni
223 1754 434 1824 temporenec
443 1741 585 1803 similiter
599 1738 801 1805 delectamur.
849 1741 996 1805 Animad-

46 1828 243 1894 vertendum
259 1839 308 1890 est
323 1825 428 1902 etiam,
446 1824 626 1910 quatenus¹⁷
642 1849 743 1889 sermo
758 1827 996 1891 delectationem

46 1916 167 1980 habeat
182 1937 191 1975 :
216 1924 260 1988 et,
274 1923 312 1974 ut
327 1910 495 1997 incipiendi
511 1912 590 1975 ratio
600 1912 706 1990 fuerit,
722 1913 769 1977 ita
783 1913 824 1977 sit
839 1913 999 1980 desinendi

48 2002 176 2066 modus

105 2082 341 2150 XXXVIII.
369 2083 438 2146 136.
477 2081 549 2158 Sed,
577 2083 732 2168 quomodo
756 2085 787 2148 in
813 2086 898 2150 omni
923 2086 997 2162 vita,

49 2172 229 2238 rectissime
246 2167 448 2255 praecipitur,
467 2180 502 2231 ut
517 2167 767 2253 perturbationes
783 2171 950 2258 fugiamus,
967 2173 998 2236 id
1091 2175 1093 2180 ’

51 2273 110 2338 est,
136 2269 247 2320 motus
270 2255 367 2318 animi
390 2254 501 2317 nimios
523 2253 636 2317 rationi
650 2276 713 2318 non
728 2256 997 2344 obtemperantes3

52 2347 96 2408 sic
116 2341 279 2429 ejusmodi
303 2340 440 2404 motibus
461 2361 562 2404 sermo
584 2338 676 2404 debet
692 2363 812 2419 vacare,
830 2366 870 2406 ne
885 2355 940 2406 aut
954 2343 1001 2406 ira

53 2431 199 2507 exsistat,
218 2439 277 2491 aut
300 2425 453 2510 cupiditas
473 2423 578 2508 aliqua
603 2436 658 2489 aut
672 2427 811 2512 'pigritia
835 2442 890 2493 aut
910 2429 1000 2515 igna-

56 2518 106 2580 via
129 2525 185 2579 aut
200 2513 267 2578 tale
284 2511 327 2574 ali
350 2511 403 2574 uid
418 2509 594 2597 apparead:
618 2513 814 2598 maximeque
830 2514 1001 2578 curandum

56 2615 115 2679 est,
132 2607 169 2665 ut
191 2621 258 2676 eos,
285 2534 474 2682 quibuscum
489 2617 662 2660 sermonem
679 2599 882 2678 conferemus,
900 2612 932 2665 et
948 2624 1001 2664 ve-

57 2689 117 2750 reri
133 2701 165 2751 et
180 2685 317 2783 diligere
328 2682 495 2746 videamur.
544 2681 791 2768 Objnrgationes
812 2685 907 2749 etiam
923 2709 1000 2749 non-

59 2793 235 2859 numquam
249 2767 393 2832 mcidunt
408 2766 609 2845 necessariae,
620 2767 653 2831 in
666 2768 779 2854 quibus
791 2773 942 2836 utendum
954 2783 1001 2836 est

60 2860 189 2924 fortasse
206 2867 240 2920 et
256 2852 342 2919 vocis
358 2852 559 2918 contentione
568 2857 685 2940 majore
700 2867 732 2917 et
748 2856 914 2921 verborum
928 2880 1001 2946 gra.-

64 3049 114 3096 libri
125 3051 222 3112 igitar,¹
241 3055 268 3092 ut
282 3060 327 3106 spr.
342 3047 378 3091 13.
387 3047 424 3091 40.
435 3045 518 3091 iterata
556 3059 633 3091 rerum
650 3047 737 3104 habito,
749 3055 818 3108 prout
829 3048 868 3095 alii
879 3054 950 3109 atque
962 3051 1001 3096 alii

63 3123 97 3158 est
114 3115 231 3177 particula
257 3118 340 3168 autem,
363 3119 386 3156 et
402 3111 439 3157 30.
463 3111 516 3160 107.
556 3111 662 3159 aderunt.
696 3109 741 3174 (¹⁶)
761 3116 797 3160 Sc.
816 3129 938 3161 sermone:
956 3115 1001 3162 nisi

64 3183 128 3227 enim.
163 3178 208 3241 (¹⁰)
227 3178 329 3227 Quidsit
339 3178 455 3234 poscendo,
463 3175 516 3224 vide
556 3177 622 3222 malis
644 3193 696 3223 cum
717 3179 817 3226 Manutii
835 3180 902 3226 codd.
922 3180 1000 3228 delere

64 3249 123 3303 apud
132 3247 242 3292 Crucium
254 3242 352 3288 Probat.
364 3241 421 3286 erit.
430 3255 452 3300 p.
463 3221 515 3288 1513.
555 3242 762 3300 praepositionum
780 3244 808 3290 cs.
820 3245 848 3290 de
859 3245 889 3289 D.
899 3243 922 3289 ii.
938 3247 957 3290 1.
971 3247 1001 3303 3.,

65 3319 88 3354 et
101 3313 152 3357 148.
187 3307 233 3370 (¹¹)
246 3308 281 3352 Sc.
299 3306 339 3367 qui
352 3307 515 3353 istosermoue
556 3307 672 3354 “Quibus
691 3308 757 3353 rebus
776 3309 875 3360 editis;”
899 3308 914 3353 i.
929 3325 949 3356 e.
970 3311 1000 3362 Q„

66 3377 151 3422 utitur:
166 3375 201 3420 sle
217 3372 280 3418 infra
294 3377 368 3432 putet.
402 3367 445 3431 (¹²)
459 3371 476 3416 l.
492 3387 513 3418 e.
554 3370 584 3414 de
597 3384 615 3415 r.
629 3372 694 3416 libris
705 3372 780 3418 editis.
815 3369 859 3434 (¹⁷)
872 3373 907 3418 Cf.
919 3375 948 3420 de
961 3375 1000 3422 Or.

67 3455 107 3486 sua
118 3453 237 3501 quemque
250 3438 298 3482 vice
309 3437 352 3482 uti.
387 3433 430 3498 (¹³)
441 3437 475 3481 Sc.
485 3439 514 3484 de
553 3434 577 3479 ii.
589 3436 627 3480 ⁵9.
639 3436 699 3490 239„
712 3437 727 3461 “
736 3437 781 3482 Sed
791 3441 923 3497 quaerimus
930 3439 1001 3496 idern,

68 3508 149 3558 rebus,⁸
166 3519 189 3548 v.
211 3502 241 3548 ad
260 3502 298 3546 31.
317 3501 370 3546 112.
389 3516 434 3560 spr.
469 3497 513 3562 (¹⁴)
553 3499 1001 3563 quodinceterisreousmaximequae-

69 3571 131 3616 lnter
141 3570 228 3629 aliqua
239 3574 262 3612 et
279 3566 374 3612 allusio
388 3565 512 3624 negatione
553 3565 652 3610 rendum
664 3573 706 3619 est,
718 3567 852 3626 quatenus.’'

69 3637 121 3692 quid
132 3633 234 3687 intersit,
245 3631 298 3677 vide
313 3631 374 3690 apud
387 3631 471 3677 Matth.
483 3632 513 3677 ad
582 3629 759 3690 XXXVlll.(¹)
767 3632 856 3678 Dixeris
862 3635 999 3678 alterutrum

70 3714 100 3744 or.
112 3703 135 3746 in
149 3699 220 3746 aaliz.
234 3697 248 3742 1.
261 3697 283 3741 6.
297 3696 348 3741 la:
368 3694 395 3742 cf.
409 3697 447 3742 38.
462 3697 514 3742 136.
554 3693 651 3740 verbnm
668 3703 708 3740 aut
725 3700 820 3743 exsistat
837 3705 878 3741 aut
888 3701 1000 3756 appareat

70 3764 103 3810 ilr.
138 3763 180 3825 (¹⁵)
195 3763 214 3809 1.
227 3777 247 3808 e.
260 3761 300 3808 sed
316 3760 412 3822 perinde
423 3761 515 3807 delectu
555 3761 687 3808 abundare:
706 3769 730 3807 at
750 3777 770 3807 ν.
792 3760 907 3819 Wopkens.
927 3760 953 3805 L.
975 3755 1000 3806 r.
