2450 4478
251 375 290 431 90
595 369 652 431 DE
672 369 725 432 01²
728 369 751 430 F
755 368 851 444 lCIls

254 530 337 597 bella
349 529 549 616 gerebantur.
596 529 669 594 Tua
682 539 790 594 autem
803 539 889 594 aetas
904 527 1018 594 incidit
1032 530 1070 594 in
1086 530 1121 595 id
1137 529 1193 597 bel·

255 619 331 697 lum,
353 616 443 715 cujus
457 615 555 680 altera
568 637 640 702 pars
654 614 779 680 sceleris
792 613 924 680 ninrium
947 614 1076 695 habuit,
1102 618 1193 682 altera

256 701 412 768 felicitans
438 722 558 787 parum.
606 701 680 774 Quo
711 701 874 765 tamenin
904 701 1000 778 bello,
1036 725 1145 788 quum
1169 717 1193 766 te

258 788 428 873 Pompeius
452 786 519 851 alae
544 787 635 851 elteri
658 786 867 872 praefecisset,
891 808 1044 873 magnam
1072 789 1193 853 lauden

256 885 287 938 et
302 895 321 937 a
336 894 458 936 summo
473 872 539 936 viro
562 885 594 936 et
609 872 649 936 ab
672 873 813 936 exercitu
834 874 1087 957 consequebare,
1114 876 1193 960 equi·

256 957 363 1036 tando,
393 957 585 1044 jaculando⁷,
619 958 704 1021 omni
732 958 859 1022 militari
880 958 988 1023 labore
1019 960 1192 1025 tolerando.

260 1047 366 1129 Atque
380 1066 417 1108 ea
428 1044 556 1129 quidem
566 1057 621 1108 tua
632 1043 699 1108 laus
711 1044 827 1129 pariter
840 1066 911 1108 curn
923 1068 956 1108 re
970 1047 1109 1130 publica
1124 1047 1193 1111 ceci-

257 1131 314 1196 dit
361 1129 446 1194 Mihi
458 1142 565 1195 autem
579 1128 657 1194 haec
672 1129 772 1193 oratio
786 1142 931 1216 suscepta
945 1153 1010 1194 non
1027 1131 1070 1196 de
1083 1131 1132 1196 te⁸
1142 1147 1192 1208 est,

258 1215 313 1280 sed
339 1215 377 1280 de
400 1215 528 1302 genere⁹
551 1228 639 1281 toto:
662 1215 865 1300 quamobrem
889 1238 1061 1316 pergamus
1087 1218 1130 1282 ad
1151 1241 1191 1292 ea,

258 1324 337 1387 quae
352 1314 482 1366 restant.
527 1303 579 1366 46.
608 1301 656 1366 Ut
675 1301 773 1387 igitur
793 1300 826 1363 in
842 1301 968 1386 reliquls
983 1304 1083 1368 rebus
1099 1304 1192 1367 multo

257 1390 378 1474 majora
393 1410 487 1474 opera
502 1400 576 1452 sunt
591 1386 698 1463 animi,
720 1408 816 1472 quam
827 1387 975 1472 corporis,
1000 1389 1047 1452 sic
1065 1413 1125 1454 eae
1139 1412 1190 1464 res,

258 1496 337 1559 quas
351 1474 383 1537 in
409 1473 479 1537 enio
494 1497 530 1538 ac
545 1473 665 1538 ratione
681 1473 906 1557 persequimur,
930 1474 1090 1559 gratiores
1113 1491 1189 1548 sunt,

258 1582 352 1645 quam
367 1497 449 1636 illae,
466 1581 544 1645 quas
560 1558 689 1624 viribus
737 1557 843 1621 Prima
852 1558 949 1644 igitur
963 1561 1191 1626 commendatio

258 1645 464 1732 proficiscitur
478 1645 659 1710 amodestia
684 1665 755 1707 cum
779 1643 895 1729 pietate
920 1643 953 1706 in
979 1659 1142 1730 parentes,
1164 1647 1190 1708 in

258 1755 331 1798 suos
347 1731 576 1798 benevolentia.
623 1728 787 1794 Facillime
812 1743 918 1794 autem
941 1730 1028 1794 etin
1044 1733 1190 1818 optimam

258 1830 380 1904 partem
395 1827 628 1903 cognoscuntur
642 1815 864 1892 adolescentes,
888 1816 941 1901 qui
953 1838 987 1880 se
1001 1817 1042 1880 ad
1054 1817 1154 1882 claros
1165 1829 1190 1880 et

259 1905 415 1989 sapientes
439 1903 522 1965 viros
545 1902 626 1965 bene
649 1900 846 1965 consulentes
861 1905 906 1964 rei
921 1902 1069 1988 publicae
1086 1917 1190 1968 contu·

259 1990 382 2053 lerunt:
406 1988 593 2072 quibuscum
607 1987 634 2050 si
649 1988 828 2072 frequentes
848 1998 932 2064 sunt,
957 1989 1140 2074 opinionem
1150 1990 1188 2053 af-

258 2074 364 2137 ferunt
380 2072 506 2158 populo,
531 2094 639 2135 eorum
657 2073 723 2136 fore
738 2095 770 2135 se
788 2071 921 2149 similes,
946 2095 1026 2158 quos
1053 2075 1114 2139 sibi
1136 2075 1188 2162 ipsi

259 2158 433 2245 delegerint
448 2157 510 2220 ad¹⁰
521 2157 718 2225 imitandum.
765 2159 817 2224 47.
836 2158 875 2221 Ρ.
892 2159 1187 2225 Rutiliiadolescen-

260 2244 336 2308 tiam
352 2243 391 2308 ad
415 2243 594 2328 opinionem
617 2253 648 2308 et
673 2243 871 2308 innocentiae
894 2255 926 2308 et
944 2246 1026 2330 juris
1050 2248 1187 2312 scientiae

264 2330 302 2394 P.
335 2329 437 2394 Mucii
462 2328 691 2394 commendavit
713 2328 834 2392 domus.
883 2330 967 2394 Nam
998 2331 1040 2394 L.
1071 2333 1186 2418 quidem

263 2417 405 2491 Crassus,
417 2436 515 2498 quum
523 2426 605 2479 esset
614 2413 781 2478 admodum
790 2414 981 2492 adolescens,
992 2439 1058 2481 non
1069 2419 1184 2482 aliunde

260 2513 422 2568 mutuatus
437 2512 495 2577 est,
519 2501 573 2564 sed
597 2500 657 2564 sibi
672 2501 737 2586 ipse
753 2501 873 2587 peperit
888 2503 1059 2566 maximam
1073 2504 1185 2568 laudem

260 2611 300 2652 ex
314 2586 370 2650 illa
385 2586 606 2651 accusatione¹¹
622 2586 721 2651 nobili
734 2596 767 2649 et
781 2586 936 2673 gloriosa:
960 2598 1004 2665 et,
1020 2603 1185 2674 quaaetate

260 2672 315 2757 qui
331 2683 523 2751 exercentur,
537 2672 629 2736 laude
638 2672 720 2736 affici
730 2671 841 2749 solent,
860 2686 895 2737 ut
905 2673 944 2737 de
956 2673 1184 2740 Demosthene¹²

261 2758 449 2844 accepimus,
472 2781 509 2823 ea
532 2769 635 2822 aetate
660 2757 700 2822 L.
728 2758 859 2822 Crassus
881 2759 1028 2836 ostendit,
1053 2762 1084 2825 id
1109 2785 1140 2825 se
1156 2761 1182 2823 in

258 2845 325 2907 foro
349 2845 466 2929 optime
486 2849 554 2930 jam
578 2845 690 2918 facere,
723 2842 924 2928 quodetiam
951 2856 1020 2908 tum
1049 2846 1183 2932 poterat¹³

260 2930 344 2994 domi
360 2952 433 2994 cum
448 2931 539 2994 laude
555 2929 707 2994 meditari.

308 3015 409 3080 XIV.
433 3019 485 3080 ts.
516 3015 594 3093 Sed,
618 3036 716 3100 quum
731 3013 847 3101 duplex
871 3017 950 3080 ratio
974 3017 1016 3082 sit
1035 3019 1180 3096 orationis,

258 3205 372 3250 arrectis?
408 3202 441 3266 (⁷)
462 3205 500 3250 ef.
522 3205 616 3257 Sallust.
635 3207 658 3252 J.
677 3208 708 3262 6,,
748 3206 879 3253 Carbonem
896 3209 1018 3255 accusavit.
1051 3209 1180 3273 (¹²)Trans·

260 3273 274 3294 ‘⁶
283 3273 393 3330 equitare,
414 3270 543 3330 joculari.'’
588 3269 621 3334 (ὅ)
645 3273 662 3318 l.
688 3287 708 3317 e.
744 3273 880 3331 ponendum
896 3277 1004 3320 censebat
1022 3276 1180 3333 Ruhnken.,ec

260 3350 306 3379 non
319 3337 348 3380 de
361 3343 401 3380 tua
411 3338 535 3396 praecipue
544 3338 626 3384 laude:
645 3353 666 3382 v.
678 3338 708 3382 ad
748 3343 831 3391 aetate,
843 3346 868 3383 ut
879 3340 907 3384 de
920 3341 949 3385 D.
959 3355 1005 3386 ccc.
1014 3357 1022 3391 ‚¹
1031 3343 1124 3388 frustra:
1135 3356 1179 3402 per-

260 3401 275 3444 i.
289 3401 326 3445 22.
340 3399 377 3446 76.
390 3415 435 3459 spr.
467 3397 500 3460 (9)
522 3403 540 3447 l.
550 3417 570 3449 e.
583 3404 623 3448 sed
640 3404 669 3450 dc
684 3417 709 3448 re
748 3403 1179 3463 indeutsaepeverbunrcrcdoabedi-

259 3473 315 3519 tota,
333 3479 364 3511 sc.
376 3466 465 3523 gloria:
478 3467 507 3511 cl.
521 3469 542 3512 3.
558 3471 593 3514 1⁰.
602 3483 657 3528 spu,
672 3467 707 3515 17.
748 3468 835 3514 toribus
845 3471 867 3513 ln
877 3469 980 3515 medium
991 3473 1117 3531 projiciam
1127 3487 1143 3517 r.
1153 3473 1178 3516 ad

260 3530 457 3585 oo.,2⁵.9u.isr.
491 3529 709 3591 (¹⁰)cf.d20r.it.
747 3533 1177 3583 del).i.44.99.:cs.etiamiii.3.1s

260 3597 299 3642 22.
312 3597 358 3651 93„
371 3595 386 3619 “
395 3594 439 3640 nisi
450 3595 551 3654 aliquem
562 3600 606 3643 sibi
621 3613 707 3658 propo·
747 3597 794 3654 in,
805 3605 831 3644 ut
839 3601 924 3657 opinor.
956 3598 1001 3660 (¹³)
1015 3602 1033 3646 1.
1049 3617 1067 3648 e.
1088 3605 1140 3662 quod
1150 3603 1175 3647 li-

259 3669 342 3708 nerent
360 3660 392 3706 ad
407 3661 573 3712 imitandum,·”
593 3664 652 3708 adde
665 3677 709 3726 pro
748 3664 851 3710 cebete'a

253 3727 323 3775 Boeo.
341 3727 370 3772 A.
389 3725 428 3786 2⁴1.
443 3726 481 3772 ts.
515 3725 556 3788 (¹¹)
571 3728 610 3776 Sc.
622 3743 669 3788 qua
680 3730 706 3776 (L
