2450 4478
401 392 477 454 LlB.
491 393 546 454 111.
568 393 660 455 cAP.
674 399 703 455 4.
971 396 1026 454 117

55 551 249 628 existimo,
271 548 468 631 Panaetium,
482 575 580 640 quum
594 552 708 620 dixerit
721 552 866 618 homines
881 553 982 618 solere
992 553 1026 618 in

54 637 124 703 hac
144 638 398 724 comparatione
413 638 565 718 dubitare,
588 640 648 704 hoc
662 641 766 726 ipsum
782 639 926 718 sensisse,
940 639 1025 724 quod

56 723 209 801 dixerit,
239 723 343 787 solere
364 725 466 803 m0d0‚
490 749 554 790 non
579 725 674 792 etiam
698 737 850 812 oportere.
898 724 1027 790 Etenim

57 833 131 875 non
152 807 265 874 modo
281 808 379 894 pluris
398 821 518 896 putare,
543 811 628 898 quod
651 811 729 876 utile
753 811 904 889 videatur,
928 833 1026 897 quam

58 895 160 982 quod
179 893 380 972 honestumu
402 897 566 962 sedetiam
588 895 667 962 baec
685 897 768 962 inter
789 919 822 962 se
848 919 1027 984 comparare

59 995 94 1046 et
111 983 154 1047 in
169 979 229 1044 his
245 981 429 1047 addubitare
443 983 658 1069 turpissimum
673 993 731 1047 est.
779 983 867 1058 Quid
877 1005 953 1070 ergo
965 995 1023 1060 est,

60 1067 162 1154 quod
179 1087 424 1152 nonnumquam
438 1068 666 1134 dubitationem
685 1069 794 1136 afferre
808 1069 908 1134 soleat
923 1069 1026 1134 consi·

62 1152 326 1237 derandumque
343 1154 509 1219 videatur?
557 1155 671 1233 Credo,
689 1155 715 1219 si
730 1154 855 1240 quando
870 1154 1026 1220 dubitatio

62 1239 209 1316 accidit,
228 1237 323 1322 quale
338 1239 378 1303 sit
391 1239 434 1318 id,
452 1241 490 1306 de
505 1263 569 1326 quo
579 1240 802 1306 consideretur.
850 1245 900 1308 19.
920 1241 1022 1327 Saepe

65 1326 165 1390 enim
190 1323 351 1409 tempore⁹
364 1325 409 1404 fit,
433 1337 481 1404 ut,
505 1327 589 1412 quod
605 1337 696 1412 turpe
711 1327 896 1412 plerumque
916 1324 1024 1390 haberi

66 1411 196 1488 soleat,
221 1409 403 1475 inveniatur
426 1435 490 1476 non
513 1435 580 1476 esse
603 1423 706 1497 turpe.
754 1412 903 1497 Exempli
918 1433 1022 1490 causa,

66 1509 222 1583 ponatur
245 1495 374 1581 aliquid,
398 1499 481 1583 quod
504 1508 612 1584 pateat
636 1498 741 1565 latius.
797 1495 894 1571 Quod
918 1508 1023 1584 potest

69 1585 189 1668 majus
217 1603 287 1645 esse
314 1582 425 1661 scelus,
449 1606 545 1668 quam
568 1606 632 1647 non
657 1583 750 1648 modo
772 1581 944 1659 bominem,
969 1583 1024 1648 sed

70 1669 179 1733 etiam
208 1666 392 1732 familiarem
419 1668 579 1733 hominem
603 1669 772 1733 occidere?
819 1667 906 1731 Num
926 1667 1025 1754 igitur

73 1777 110 1819 se
128 1752 307 1818 adstrinxit
320 1754 446 1833 scelere,
471 1755 498 1819 si
536 1755 569 1819 ui
592 1765 761 1841 tyrannum
786 1754 900 1818 oceidit
914 1775 1024 1838 quam-

72 1840 156 1904 vis¹⁰
170 1838 386 1904 familiarem?
433 1777 557 1927 Popdlo
572 1840 700 1926 quidem
723 1841 868 1904 Romano
892 1860 955 1901 non
976 1838 1023 1902 vi·

73 1927 186 2003 detur,
213 1924 269 2010 qui
284 1946 324 1987 ex
339 1927 483 1992 omnibus
498 1927 664 2012 praeclaris
678 1926 770 1991 factis
784 1925 863 1989 illud
877 1923 1022 2011 pulcher-

74 2010 221 2075 rimum¹¹
238 2009 407 2076 existimat.
455 2013 543 2077 Vicit
556 2035 633 2099 ergo
653 2012 772 2077 utilitas
795 2011 1021 2076 honestatem?

75 2099 182 2160 immo
197 2118 273 2160 vero
288 2094 507 2162 honestatem¹²
519 2098 640 2162 utilitas
650 2098 782 2163 secuta¹³
796 2111 855 2162 est.
895 2097 1019 2181 ltaque,

77 2195 117 2247 ut
133 2183 204 2246 sine
219 2181 286 2245 ullo
300 2204 402 2248 errore
414 2183 582 2270 dijudicare
594 2184 758 2269 possimus,
772 2183 799 2248 si
814 2182 939 2268 quando
949 2204 1021 2246 cum

75 2268 147 2347 illo,
172 2267 260 2353 qnod
284 2266 451 2332 honesturn
473 2269 691 2356 intelligimus,
716 2291 858 2356 pugnare
881 2269 913 2332 id
934 2267 1020 2331 vide-

78 2354 180 2431 bitur,
207 2354 293 2437 quod
309 2355 505 2441 appellamus
519 2355 608 2432 utile,
632 2355 766 2419 formula
781 2353 933 2440 quaedam
948 2375 1022 2417 con-

78 2439 244 2504 stituenda
257 2451 323 2503 est:
347 2442 482 2525 quamsi
499 2462 665 2526 sequemur
678 2441 712 2503 in
728 2439 959 2526 comparatione
970 2461 1018 2501 re-

78 2548 162 2602 rum,
181 2525 221 2589 ab
231 2525 333 2589 officio
341 2548 514 2613 numquam
529 2527 719 2591 recedemus.
765 2530 817 2589 20.
833 2525 904 2590 Erit
913 2534 1020 2588 autem

79 2610 159 2676 haec
169 2610 305 2674 formula
317 2611 494 2676 Stoicorum
505 2613 618 2677 rationr
631 2611 874 2698 disciplinaeque
885 2610 1020 2674 maxime

79 2709 312 2772 consentanea3
329 2719 424 2782 quam
433 2698 560 2784 quidem
575 2697 623 2762 his
639 2697 726 2761 libris
738 2708 903 2784 propterea
915 2694 1031 2780 sequi-,2

80 2804 162 2860 mur,
187 2782 285 2867 quod,
309 2804 499 2869 quamquam
514 2794 545 2849 et
561 2807 579 2847 a
594 2783 752 2848 veteribus
774 2781 971 2846 Academicis
986 2791 1019 2845 et

79 2890 100 2932 a
116 2867 338 2953 Peripateticis
354 2870 476 2945 vestris,
499 2869 555 2956 qui
570 2869 729 2954 quondam
742 2868 837 2932 iidem
848 2880 946 2944 crant,
964 2867 1020 2951 qui

83 2953 301 3030 Academici¹⁴,
329 2977 411 3039 quae
434 2954 566 3020 honesta
589 2966 673 3032 sunt,
705 2964 939 3039 anteponuntur
963 2954 1014 3028 ile,

102 3061 162 3104 uae
177 3039 323 3103 videntur
337 3041 446 3118 utilia3
470 3052 575 3105 tamen
600 3063 615 3104 s
638 3039 818 3104 lendidius¹⁵
831 3038 909 3103 haec
921 3038 1017 3102 abeis

79 3062 285 3200 disseruntur,
318 3127 444 3212 quibus,
477 3063 637 3276 quidcpuid)
653 3126 822 3190 honestum
847 3136 906 3201 est,
933 3122 1017 3188 idem

80 3211 158 3275 utile
175 3209 308 3289 videtur,
333 3235 391 3277 nec
413 3213 490 3278 utile
504 3213 560 3300 qui
582 3234 686 3297 quam,
711 3211 795 3297 quod
818 3233 881 3274 non
905 3209 1017 3275 hones-

172 3405 194 3435 10
242 3406 247 3418 ’
335 3409 340 3420 ·
382 3411 393 3432 r
814 3410 820 3421 ·
936 3409 964 3420 ¹·
1009 3431 1016 3442 ,

78 3404 526 3534 ξ13’11..).1.’1ἵ.“11111111111
566 3407 1017 3533 lt,tltt‘zss‘tttttttttzd.

79 3539 116 3583 30.
131 3537 184 3584 110.
197 3546 256 3585 extr.
267 3538 304 3585 ifr.
338 3536 381 3601 (¹⁹)
392 3539 465 3584 Codd.
476 3538 527 3586 fere
567 3541 596 3585 ob
608 3538 713 3584 additum
721 3552 773 3583 curn
779 3539 941 3598 Peripateticis
950 3549 1016 3596 pron.

77 3603 181 3649 honestos
204 3603 336 3650 utilitatem.
381 3601 424 3665 (¹³)
452 3604 528 3650 codd.
566 3604 655 3659 uestris,
665 3610 717 3663 post
725 3603 788 3663 quod
799 3618 845 3648 non
857 3603 889 3647 ita
897 3601 966 3647 facile
978 3613 1015 3644 rc·

80 3667 166 3714 Mureti
183 3674 319 3716 consecuta.-
340 3670 429 3727 recepit
448 3669 528 3722 Orell.‚
567 3668 665 3714 lativum
676 3669 705 3714 ad
717 3676 827 3728 utrosque
838 3673 915 3727 potest
925 3663 1015 3710 referri.

79 3733 199 3780 conferens
211 3733 240 3780 de
253 3733 281 3778 A.
293 3733 329 3780 14.
343 3736 382 3780 51.
393 3740 452 3779 extr.
486 3730 528 3794 (¹⁴)
570 3729 611 3794 (¹⁵)
624 3733 661 3780 cf.
680 3735 708 3782 de
721 3735 746 3782 F.
758 3735 773 3779 i.
790 3735 812 3780 2.
825 3733 855 3787 6.,
873 3746 919 3791 apr.
929 3730 946 3774 i.
960 3729 979 3773 1.
992 3727 1014 3772 l.
