2472 4432
267 385 306 440 ra
596 379 654 440 nu
676 377 857 478 osricus
878 365 882 370 '

269 540 355 626 tique
377 540 539 626 voluptate
560 539 593 602 in
615 537 752 625 aliquam
767 537 995 625 turpitudinem
1011 537 1157 602 delabar

272 626 595 711 Suppeditantautem
605 637 637 688 et
646 627 785 712 Campus
796 634 903 688 noster
912 635 944 689 et
954 623 1067 688 studia
1083 647 1157 688 veru

268 710 401 775 honesta
415 713 559 796 exempla
572 709 710 774 ludendi.

315 796 442 860 XXX.
469 801 539 860 105.
559 795 622 859 Sed
637 796 773 882 pertinet
788 795 827 860 ad
841 817 967 860 omnem
983 795 1087 859 officii
1107 818 1157 879 qu

269 883 397 956 tionem,
422 905 544 968 semper
565 883 598 946 in
624 893 750 966 promtu
771 881 896 957 habere,
913 892 1078 966 quantum
1106 901 1157 944 nar

268 967 404 1032 hominis
417 967 599 1054 pecudibus*
609 968 800 1053 reliquisque
809 967 911 1031 beluis
923 967 1112 1031 antecedat.
1145 965 1157 1030 l

268 1051 347 1116 nihil
368 1054 519 1132 sentiunt,
537 1054 597 1117 nisi
618 1054 823 1138 voluptatem,
847 1053 887 1116 ad
909 1075 1046 1138 eamque
1068 1053 1157 1115 feru}

269 1140 354 1203 omni
368 1141 505 1224 impetu3
528 1138 667 1203 hominis
681 1151 787 1203 autem
798 1161 886 1202 mens
894 1137 1047 1202 discendo
1063 1137 1157 1202 alicu

269 1225 448 1311 cogitando,
460 1248 582 1310 semper
596 1223 714 1310 aliquid
729 1236 783 1289 aut
795 1224 931 1311 anquirit
941 1235 996 1288 aut
1006 1223 1092 1309 agit,
1108 1223 1157 1286 vid

268 1310 362 1396 dique
378 1322 410 1375 et
426 1311 572 1376 audiendi
593 1309 800 1374 delectatione
822 1308 957 1374 ducitur.
1007 1309 1157 1383 Quinetir

268 1396 295 1459 si
318 1397 389 1482 quis
411 1408 458 1461 est
480 1396 575 1482 paulo
591 1395 630 1460 ad
646 1396 719 1460 volu
744 1407 822 1460 tates
844 1395 1041 1481 propensior,
1059 1395 1157 1458 modo

271 1480 313 1546 sit
327 1505 367 1546 ex
382 1482 551 1570 pecudum³
565 1505 691 1568 genere,
710 1419 799 1569 (dunt
818 1481 904 1545 enim
918 1481 1050 1567 quidam
1067 1479 1157 1544 homi

268 1590 331 1632 non
354 1591 398 1646 re,
421 1569 476 1634 sed
497 1568 637 1654 nomine)
653 1567 707 1632 sed
729 1567 755 1631 si
779 1567 850 1653 quis
870 1577 918 1631 est
939 1565 1034 1653 paulo
1050 1566 1157 1629 erectir

270 1655 415 1740 quamvis
430 1656 593 1741 voluptate
607 1654 757 1740 capiatur,
774 1653 910 1718 occultat
920 1663 952 1716 et
964 1651 1148 1716 dissimulat

268 1741 403 1840 petitum
414 1740 722 1825 voluptatispropter
733 1739 961 1803 verecundiam.
992 1738 1065 1800 106.
1080 1737 1136 1800 Ex
1149 1759 1157 1802 r

269 1827 468 1913 mtelligitur,
481 1827 617 1910 corporis
626 1825 822 1911 voluptatem
832 1847 895 1888 non
908 1824 982 1888 satis
994 1845 1063 1886 esse
1078 1823 1157 1908 dign

269 1910 404 1974 hominis
426 1911 616 1996 praestantia
638 1932 770 2010 eamque
792 1910 950 1976 contemni
965 1919 996 1973 et
1011 1909 1101 1994 rejici
1119 1931 1157 1994 op

270 2008 355 2060 tere:
379 1997 427 2059 sin
442 1997 483 2060 sit
498 1994 663 2080 quispiam,
681 2018 735 2080 qur
757 1995 875 2082 aliquid
889 1994 1021 2059 tribuat⁵
1035 1994 1157 2079 voluptr

270 2081 438 2168 diligenter
462 2081 491 2145 ei
518 2079 688 2144 tenendum
713 2104 779 2146 esse
803 2084 871 2169 ejus
892 2080 1040 2144 fruendae
1066 2080 1157 2143 modu

273 2167 385 2251 ltaque
399 2167 501 2231 victus
517 2166 683 2251 cultusque
695 2168 831 2252 corporis
846 2167 885 2232 ad
900 2165 1114 2231 valetudinem
1128 2189 1157 2228 re

271 2262 357 2317 ratur
372 2263 404 2316 et
419 2252 458 2317 ad
474 2253 564 2329 vires,
582 2274 646 2315 non
668 2251 707 2315 ad
722 2253 927 2338 voluptatem.
975 2255 1082 2336 Atque
1098 2251 1157 2316 etia

271 2338 297 2402 si
312 2338 506 2403 considerare
522 2338 674 2416 volemus,
686 2360 767 2423 quae
783 2339 869 2403 sitin
884 2337 1008 2402 natura6
1017 2337 1157 2401 excellen

272 2435 303 2489 et
314 2424 461 2511 dignitas
475 2423 697 2510 intelligemus,
709 2423 853 2510 quamsit
864 2440 953 2511 turpe
963 2423 1100 2486 diffluere
1112 2424 1157 2486 lur

210 2521 213 2528 ’
271 2510 317 2574 ria
326 2522 358 2574 et
367 2509 498 2574 delicate
514 2532 550 2574 ac
562 2509 698 2574 molliter
712 2511 837 2585 vivere3
861 2532 1018 2596 quamque
1037 2507 1157 2572 honesti

274 2618 377 2682 parce,
402 2597 609 2673 continenter,
626 2619 742 2673 severe,
760 2595 873 2660 sobrie.
921 2598 990 2662 107.
1017 2594 1157 2681 Intellige

272 2682 346 2745 dum
358 2682 452 2746 etiarn
468 2693 526 2759 est,
543 2682 664 2747 duabus
677 2681 765 2767 quasi
777 2703 834 2745 nos
843 2704 862 2745 a
871 2692 983 2745 natura
996 2679 1119 2744 indutos
1134 2701 1157 2744 es

272 2768 413 2853 personis
426 2792 434 2843 3
458 2790 591 2854 quarum
606 2790 668 2832 una
682 2778 730 2832 est
745 2766 929 2844 communie,
946 2789 986 2830 ex
997 2789 1033 2830 eo
1044 2767 1126 2852 quod
1134 2789 1157 2830 or

272 2875 327 2917 nes
339 2853 504 2939 participes
515 2876 623 2917 sumus
634 2852 763 2918 rationis
773 2852 1041 2939 praestantiaeque
1051 2854 1126 2938 ejus,
1137 2875 1157 2936 q

273 2938 710 3024 antecellimusbestiiS,aqua
719 2961 810 3003 omne
821 2939 988 3003 honestum
997 2938 1155 3022 decorumq

189 3089 191 3100 χ
273 3025 445 3091 trahituret
457 3049 497 3090 ex
506 3047 569 3111 qua
577 3027 655 3089 ratio
666 3024 844 3088 inveniendi
853 3024 945 3088 officii
953 3024 1131 3109 exquiritur3
1151 3045 1157 3088 ε

274 3122 341 3175 tera
351 3123 468 3189 autem,
480 3134 559 3197 quae
568 3110 692 3198 proprie
702 3110 835 3197 singulis
845 3121 892 3174 est
901 3111 1026 3175 tributa.
1058 3109 1104 3174 Ut
1115 3109 1157 3173 eni

272 3195 305 3259 in
315 3198 496 3284 corporibus
508 3219 642 3284 magnae
654 3196 920 3260 dissimilitudines
930 3194 1090 3278 sunt(alios
1101 3196 1157 3259 enir

273 3281 415 3348 videmus
432 3283 594 3349 velocitate
604 3282 643 3347 ad
653 3305 789 3360 cursum,
806 3281 883 3346 alios
898 3280 1014 3345 viribus
1028 3279 1063 3345 ad
1076 3280 1157 3346 lucta:

307 3497 384 3545 XXX.
393 3495 425 3557 (¹)
435 3499 453 3544 1.
463 3513 483 3544 e.
492 3499 607 3558 pecudum
618 3497 719 3544 naturis:
761 3496 796 3543 cf.
810 3495 842 3541 111.
856 3495 893 3540 33.
902 3495 954 3541 120.
964 3493 1007 3549 iu,
1014 3493 1038 3539 de
1047 3493 1070 3538 F.
1079 3507 1098 3538 v.
1106 3493 1140 3540 24.
1150 3493 1157 3540 l

276 3578 298 3610 v.
316 3564 346 3610 ad
364 3561 402 3610 27.
414 3565 454 3609 96.
469 3578 514 3623 spr.
548 3560 581 3620 (⁹)
594 3564 629 3609 01.
641 3565 684 3609 Ae.
696 3563 720 3608 ii.
761 3556 794 3621 (⁶)
808 3560 904 3606 Addidit
916 3561 986 3606 Orell.
999 3574 1011 3604 e
1023 3557 1157 3604 tribusborm'n

276 3630 316 3676 41.
331 3628 391 3685 127,
405 3629 470 3674 Tuae.
479 3626 502 3672 νζ
513 3629 551 3673 23.
564 3629 602 3673 00.
638 3628 669 3687 (³)
679 3628 721 3673 cf.
762 3625 858 3672 Mallem
873 3631 959 3680 nostra,
971 3625 1029 3684 quod
1043 3637 1105 3683 quam
1122 3624 1157 3669 fad

280 3696 308 3741 de
327 3694 367 3740 Or.
378 3694 401 3740 ii.
420 3694 524 3739 30153.
559 3693 592 3750 (⁴)
602 3693 639 3738 Cf.
651 3694 679 3738 de
691 3693 720 3738 L.
761 3691 868 3736 excidere
887 3690 1004 3749 potuisset.
1022 3689 1042 3734 in
1057 3698 1127 3748 aperto
1143 3703 1157 3734 er

277 3759 463 3817 tuamen.
477 3759 507 3805 D.
519 3757 542 3804 11.
555 3760 593 3804 50.
608 3759 659 3804 140.
687 3755 721 3818 (⁵)
762 3752 795 3817 (⁷)
815 3755 926 3802 lteretam
958 3753 1081 3816 particulam
1110 3754 1157 3800 delet
