2472 4432
243 351 281 412 74
583 349 640 410 DE
663 347 838 410 OFFICIIS

245 511 367 578 Contra
391 520 498 576 autem
520 507 626 573 omnia
647 507 824 594 disputatur
845 509 1007 587 anostris,
1025 509 1136 594 quod
1153 507 1197 576 ho

241 597 346 684 ipsum
368 594 530 682 probabile
552 594 675 658 elucere
697 617 760 658 non
781 595 891 681 possit,
909 594 970 659 nisi
993 618 1039 660 ex
1054 608 1197 682 utraqu

242 693 331 769 parte
353 703 517 747 causarum
538 691 620 744 esset
641 680 723 745 facta
737 681 908 746 contentio
958 681 1025 745 Sed
1039 681 1143 746 haec
1161 703 1197 748 ea

266 766 369 834 lanata
390 776 465 831 sunt
486 765 519 830 in
537 765 735 830 Academicis
746 767 867 831 'nostris
882 766 968 845 satis,
985 777 1025 831 ut
1040 768 1197 832 arbitror

265 853 422 940 'ligenten
467 851 544 917 Tibi
553 863 669 929 autern,
680 853 725 914 mi
739 853 862 931 Cicero,
878 874 1084 938 quamquam
1097 853 1144 916 in
1157 873 1197 916 an

243 939 418 1024 tiquissima
432 937 689 1037 nobilissimaque
710 935 919 1024 philosophia,
940 939 1114 1025 Cratippo
1132 961 1197 1003 auc

243 1037 322 1102 tore,
339 1024 482 1101 versaris,
494 1023 532 1087 iis
548 1021 718 1102 similhmo,
731 1025 787 1108 qui
801 1024 864 1090 ista
877 1024 1042 1109 praeclara
1057 1039 1197 1111 pepere

243 1109 340 1175 runt¹¹
353 1134 361 1188 ;
378 1121 482 1174 tamen
493 1109 571 1173 haec
581 1119 699 1186 nostra,
712 1108 845 1175 finitima
855 1109 978 1188 vestriS,
991 1111 1123 1197 ignota
1135 1132 1197 1174 esst

245 1195 342 1260 nolui.
391 1195 454 1260 Sed
465 1197 533 1281 jam
548 1194 587 1260 ad
600 1194 748 1259 instituta
761 1217 941 1296 pergamus.

292 1281 361 1346 ΙΙΙ.
385 1286 416 1350 0.
443 1281 593 1366 Quinque
607 1279 705 1368 igitur
718 1281 891 1346 rationibus
907 1280 1082 1367 propositis
1102 1281 1197 1346 offici

245 1367 463 1455 persequendi,
482 1389 616 1452 quarum
639 1365 720 1434 duae
742 1367 782 1430 ad
805 1367 901 1432 decus
922 1367 1197 1453 honestatemque

246 1454 449 1542 pertinerent,
467 1453 547 1518 duae
562 1451 602 1516 ad
616 1452 780 1516 commoda
794 1453 889 1531 vitae,
904 1453 1020 1539 copias,
1038 1476 1137 1540 opes,
1158 1455 1197 1518 fa-

247 1540 391 1620 cultates,
409 1540 520 1625 quinta
541 1537 580 1603 ad
602 1537 739 1624 eligendi
763 1538 922 1614 iudicium,
940 1539 966 1603 si
988 1539 1125 1624 quando
1149 1562 1197 1616 ea,

247 1649 328 1714 quae
340 1626 416 1704 dixi,
428 1648 569 1713 pugnare
580 1623 662 1688 inter
673 1646 706 1687 se
717 1561 915 1700 viderentur3
931 1624 1115 1690 honestatis
1125 1645 1197 1712 part

246 1715 390 1778 confecta
405 1722 464 1790 est,
481 1732 576 1797 quam
590 1709 718 1794 quidem
728 1709 785 1775 tibi
796 1711 889 1796 cupio
900 1732 967 1774 esse
978 1711 1197 1776 notissimam⁴

250 1798 324 1864 Hoc
339 1809 454 1874 autern,
472 1797 509 1861 de
524 1818 588 1881 quo
603 1818 688 1860 nunc
709 1797 843 1882 agimus,
860 1796 893 1860 id
907 1796 1011 1882 ipsum
1026 1807 1087 1874 est,
1109 1795 1197 1882 quod

247 1885 326 1949 utile
340 1908 360 1949 a
381 1883 526 1969 pellatur.
574 1881 613 1944 in
635 1904 698 1966 quo
714 1883 810 1947 verbo
824 1881 911 1968 lapsa
925 1882 1127 1947 consuetudo
1142 1883 1197 1946 de

247 1969 338 2034 flexit
352 1907 390 2032 de
406 1969 455 2031 via
469 1967 647 2051 sensimque
662 1990 700 2031 eo
715 1967 850 2032 deducta
863 1981 921 2047 est,
939 1979 975 2032 ut
989 1967 1197 2033 honestatem

247 2055 288 2119 ab
305 2053 443 2117 utilitate
458 2074 622 2116 secernens
632 2055 847 2128 constitueret,
861 2076 930 2118 esse
946 2053 1120 2118 honestum
1135 2055 1197 2119 ali-1

248 2138 335 2226 quid,
353 2137 438 2224 quod
453 2137 530 2202 utile
545 2160 608 2201 non
631 2150 724 2217 esset,
740 2151 772 2204 et
787 2139 876 2216 utile,
894 2139 979 2224 quod
994 2162 1060 2203 non
1074 2139 1194 2204 hones-

249 2238 337 2301 tum3
360 2247 423 2310 qua
436 2223 525 2286 nulla
533 2224 688 2308 pernicies
703 2227 802 2311 major
811 2224 974 2291 hominum
983 2224 1068 2290 vitae
1084 2227 1192 2312 potuit

248 2311 360 2378 afferri.
409 2315 458 2373 10.
485 2309 616 2374 Summa
638 2311 775 2396 quidem·
788 2310 974 2376 auctoritate
993 2310 1187 2398 philosophi,

248 2421 354 2463 severe
363 2418 438 2460 sane
452 2406 548 2480 atque
562 2393 705 2474 honeste,
719 2395 808 2462 haec¹
823 2395 883 2460 tria
903 2395 1031 2483 genera²
1047 2399 1189 2462 confusa³

248 2483 441 2570 cogitatione
456 2480 668 2568 distinguunt.
716 2481 880 2568 Quidquid
891 2481 988 2546 enim⁴
995 2483 1120 2569 justum
1134 2485 1185 2561 sit,

248 2569 281 2633 id
296 2567 390 2632 etiam
399 2566 477 2630 utile
487 2589 554 2631 esse
563 2579 712 2644 censent;
735 2569 885 2654 itemque,
896 2567 994 2654 quod⁵
1005 2567 1183 2645 honestum,

247 2654 330 2719 idem
340 2654 482 2738 justum:
506 2675 546 2716 ex
555 2676 620 2738 quo
629 2654 772 2731 efficitur,
789 2668 836 2733 ut,
853 2654 1005 2740 quidquid
1020 2653 1184 2720 honestum

248 2739 301 2817 sit,
326 2738 411 2802 idem
436 2738 477 2802 sit
503 2739 590 2803 utile.
638 2739 734 2814 Quod
750 2740 804 2824 qui
841 2762 931 2804 arum
945 2740 1146 2826 perspiciunt,
1160 2739 1182 2804 ii

249 2848 355 2911 saepe,
373 2836 516 2889 versutos
531 2824 673 2889 homines
695 2835 727 2889 et
743 2763 871 2890 callidos
884 2825 1081 2903 admirantes,
1097 2826 1181 2891 mali-

248 2911 326 2976 tiam
347 2909 531 2996 sapientiam
549 2911 705 2996 judicant.
753 2910 899 2985 Quorum
913 2934 997 2977 error
1012 2911 1179 2998 eripiendus

249 3007 298 3062 est
314 2995 483 3082 opinioque
498 2996 599 3060 omnis
614 2996 654 3061 ad
668 3019 738 3062 eam
752 3018 842 3082 spem
864 2997 1062 3076 traducenda,
1077 3009 1112 3062 ut
1125 2997 1179 3062 ho-

249 3083 348 3146 nestis
370 3082 507 3145 consiliis
518 3083 677 3168 justisque
691 3083 792 3160 factis,
810 3104 874 3146 non
889 3083 996 3148 fraude
1012 3094 1043 3148 et
1057 3084 1174 3162 malitia,

250 3190 284 3232 se
292 3167 473 3253 intelligant
482 3190 529 3244 ea,
537 3189 619 3253 quae
628 3169 737 3245 velint,
745 3168 896 3254 consequi
905 3192 1008 3256 posse.
1034 3174 1079 3233 11.
1092 3170 1175 3244 Quae

252 3276 329 3341 ergo
351 3252 392 3316 ad
412 3253 510 3317 vitam
531 3253 694 3318 hominum
717 3253 867 3320 tuendam
888 3255 1057 3341 pertinent,
1071 3255 1173 3342 partim

253 3405 315 3459 103,
328 3404 377 3448 “ut
387 3403 446 3450 aliae
458 3405 591 3464 probabiles
602 3405 698 3452 videan-
740 3419 801 3466 quae
813 3415 945 3466 sequnntur
953 3413 1062 3466 spectare.
1090 3402 1121 3467 (⁹)
1129 3407 1147 3452 1.
1154 3421 1171 3452 e.

252 3478 298 3523 tur,
310 3468 369 3515 aliae
381 3469 492 3514 contra:”
510 3471 570 3516 adde
587 3471 615 3517 de
626 3471 652 3516 F.
667 3471 699 3517 iii.
739 3471 782 3517 has
802 3479 849 3518 tres
865 3486 918 3518 res:
937 3472 964 3518 cf.
984 3472 1024 3518 ifr.
1041 3470 1073 3517 13.
1088 3473 1129 3527 4⁵,
1145 3472 1170 3517 dc

255 3537 291 3582 15.
303 3535 343 3580 50.
354 3541 378 3579 et
389 3548 435 3594 spr.
448 3533 463 3578 i.
476 3535 514 3580 30.
529 3535 582 3581 100.
611 3532 655 3596 (¹¹)
664 3537 698 3584 Cf.
737 3550 822 3597 genere
842 3545 890 3583 toto
902 3533 924 3591 ;’'
941 3545 965 3584 ct
980 3538 1012 3584 sic
1025 3537 1113 3596 passim:
1128 3537 1169 3583 vid.

224 3607 228 3615 ’
253 3602 286 3648 N.
298 3601 329 3646 D.
340 3597 366 3646 ii.
378 3599 416 3646 29.
433 3597 480 3655 tt,
497 3600 559 3659 “qui
571 3601 616 3646 ista
631 3616 701 3662 pepe·
742 3601 827 3647 Matth.
848 3603 878 3647 ad
894 3617 927 3648 or.
950 3617 997 3662 pro
1015 3602 1168 3648 07111190.

253 3659 311 3713 rit.'’
753 3665 763 3694 ³
785 3666 830 3726 Np.
844 3667 904 3712 inter
916 3681 956 3714 se:
974 3669 1004 3714 cf.
1016 3667 1031 3713 i.
1042 3665 1074 3715 tt.
1085 3669 1117 3714 9⁵.
1127 3681 1166 3725 apr.

289 3731 338 3780 111.
348 3725 381 3794 (¹)
394 3729 465 3778 Pron.
481 3730 537 3778 haec
553 3737 611 3792 puta
628 3731 701 3778 ades
753 3732 763 3759 ⁴
788 3731 1046 3780 viterclanum.
1072 3728 1166 3794 (⁵)Non
