2450 4478
207 353 263 414 152
550 351 608 412 DE
631 349 810 411 OFFICllS

206 535 303 601 quam
317 512 343 578 si
357 510 441 577 domi
463 531 559 576 senex
582 509 738 597 captivus⁷
754 511 899 597 perjurus
911 510 1092 575 consularis
1107 534 1151 576 re-

205 600 379 665 mansisset.
428 602 498 661 101.
527 598 572 660 At
598 596 705 673 stulte,
722 597 778 681 qui
799 617 863 660 non
884 597 981 661 modo
997 620 1065 661 nou
1082 621 1153 662 ceu·

204 686 302 750 suerit
324 684 464 771 captivos
486 682 701 759 remittendos,
718 681 937 746 verumetiam
953 682 1151 748 dissuaserit.

209 770 378 844 Quomodo
389 768 507 833 stulte?
520 769 667 845 etiamne,
675 769 701 831 si
712 768 757 831 rei
767 766 915 853 publicae
927 769 1150 834 conducebat?

208 857 320 922 Potest
331 869 447 933 autem,
461 853 546 940 quod
554 853 667 918 inutile
678 853 723 917 rei
731 853 876 940 publicae
887 854 940 932 sit,
955 854 988 918 id
1000 855 1150 941 cuiquam

206 942 268 1007 civi
282 941 360 1007 utile
376 942 469 1006 esse?

251 1027 435 1094 XXVIII.
462 1026 653 1090 Pervertunt
667 1025 809 1090 homines
825 1046 871 1101 ea,
885 1047 969 1110 quae
986 1036 1065 1091 suut
1082 1027 1151 1090 fuu-

205 1115 351 1180 damenta
373 1125 512 1189 naturae,
539 1133 638 1197 quum
664 1110 833 1176 utilitatem
851 1111 892 1174 ab
915 1111 1089 1177 honestate
1104 1135 1150 1177 se·

201 1201 356 1289 jungunt.
405 1199 526 1265 Omnes
541 1197 625 1261 enim
641 1197 818 1283 expetimus
830 1195 1003 1262 utilitatem
1015 1199 1057 1262 ad
1066 1221 1149 1262 eam·

203 1310 265 1374 que
289 1286 437 1373 rapimur,
463 1306 520 1348 nec
544 1284 645 1347 facere
672 1283 761 1347 aliter
776 1283 842 1347 ullo
857 1283 951 1347 modo
967 1306 1147 1369 possumus.

207 1375 293 1440 Nam
308 1372 379 1459 quis
394 1383 452 1449 est,
470 1370 525 1457 qui
541 1367 631 1433 utilia
645 1368 776 1455 fugiat?
799 1380 855 1433 aut
869 1370 941 1453 quis
955 1369 1078 1455 potine,
1096 1371 1148 1455 qui

203 1483 241 1526 ea
262 1482 325 1523 non
347 1456 574 1523 studiosissime
596 1456 826 1541 persequatur?
875 1455 949 1532 Sed,
974 1455 1053 1540 quia
1074 1477 1148 1519 nus-

203 1569 298 1633 quam
315 1565 491 1632 possumus,
506 1541 565 1606 nisi
575 1541 607 1604 in
622 1539 726 1618 laude,
740 1540 861 1618 decore,
875 1539 1045 1605 honestate
1057 1540 1147 1605 utilia

203 1633 348 1720 reperire,
366 1641 530 1717 propterea
551 1626 606 1691 illa
620 1637 652 1689 et
667 1627 766 1711 prima
787 1639 820 1692 et
834 1648 956 1690 summa
971 1626 1144 1702 habemns3

203 1717 349 1784 utilitatis
364 1737 478 1781 nomen
501 1736 565 1778 uon
587 1723 652 1776 tam
667 1711 875 1833 splendidum,
892 1734 988 1796 quam
1003 1735 1146 1777 necessa-

202 1807 283 1870 rium
298 1803 452 1869 ducimus.
502 1804 571 1863 102.
598 1799 684 1872 Quid
719 1809 766 1862 est
790 1798 897 1885 igitur,
919 1796 1039 1862 dixerit
1063 1799 1144 1884 quis,
1205 1843 1206 1862 .

202 1892 235 1955 in
247 1892 318 1978 jure
330 1887 493 1975 jurando?
525 1907 601 1948 num
621 1885 736 1948 iratum
758 1883 905 1947 timemus
919 1884 1063 1949 Jovern?
1101 1886 1144 1948 At
1205 1957 1206 1968 χ

203 1976 277 2041 hoc²
300 1974 428 2059 quidem
451 1991 617 2036 commune
641 1983 689 2034 est
709 1970 848 2033 omnium
870 1968 1142 2056 philosophorum,

202 2085 267 2126 non
281 2080 388 2124 eorum
404 2056 508 2132 modo,
522 2055 578 2139 qui
586 2053 679 2118 deum
690 2055 770 2119 nihil
782 2055 895 2119 habere
907 2055 1013 2140 ipsum
1022 2057 1143 2143 negotii
1205 2055 1206 2058 ’

202 2147 321 2222 dicunt,
330 2143 409 2208 nihil
418 2141 567 2205 exhibere
576 2139 676 2218 alteri,
685 2141 739 2205 sed
749 2163 857 2205 eorum
868 2141 974 2219 etiam,
983 2141 1039 2226 qui
1049 2141 1142 2207 deum

202 2253 325 2319 semper
340 2251 434 2317 agere
452 2225 572 2312 aliquid
588 2236 620 2289 et
635 2226 739 2290 moliri
754 2227 876 2305 volunt,
893 2249 1069 2312 numquam
1084 2252 1141 2294 nec

201 2319 291 2384 irasci
306 2317 400 2382 deum
414 2335 471 2376 nec
487 2334 610 2376 nocere.
658 2311 744 2386 Quid
758 2325 865 2376 autem
880 2313 978 2378 iratus
993 2314 1060 2399 Jup
1083 2315 1140 2379 iter

224 2406 273 2469 lus
288 2423 400 2468 nocere
413 2399 579 2486 potuisset,
589 2421 686 2483 quam
697 2398 805 2462 nocuit
816 2399 876 2464 sibi
884 2399 951 2484 ipse
964 2399 1013 2462 Re
1040 2337 1137 2464 ulus?

201 2429 304 2556 ltulla
316 2488 416 2576 igitur
429 2484 477 2548 vis
492 2485 551 2548 fuit
565 2483 737 2571 religionis,
749 2506 830 2569 quae
839 2495 959 2548 tautam
970 2423 1137 2550 utilitatem

200 2571 434 2664 praeverteret³.
481 2572 544 2647 Au,
570 2593 609 2634 ne
633 2570 766 2670 turpiter
794 2569 937 2635 faceret?
984 2570 1135 2649 Primum,

201 2667 331 2728 miur'ma
346 2662 383 2723 de
395 2661 499 2723 malis.
546 2655 633 2720 Num
647 2656 748 2743 igrtur
759 2667 882 2720 tantum
890 2655 965 2720 mali
975 2657 1137 2743 turpitudo

200 2749 262 2814 ista
280 2744 435 2821 habebit⁴,'
447 2754 601 2830 quantum
623 2741 677 2806 ille
695 2742 878 2806 cruciatus?
916 2741 1044 2806 Deinde
1062 2743 1136 2808 illud

201 2836 297 2900 etiam
312 2830 396 2919 apud
411 2831 555 2906 Accium,

411 2934 804 3007 -sregtsrin’fldemr

394 3010 486 3079 Neque
497 3007 557 3060 dedi
568 3023 648 3076 aeque
659 3007 693 3059 do
704 3005 803 3078 infideli
814 3005 951 3077 cuiquam,-

202 3164 392 3233 quamquam
407 3140 447 3205 ab
463 3139 559 3225 impio
574 3161 649 3225 rege
663 3137 786 3216 dicitur,
800 3137 960 3204 luculente
970 3149 1077 3204 tamen
1091 3141 1133 3206 di·

201 3301 216 3346 i.
231 3299 267 3344 15.
279 3296 317 3342 49.
335 3310 357 3354 p.
369 3295 422 3346 98.;
439 3291 499 3338 adde
516 3305 562 3351 spr.
579 3289 648 3336 131.
688 3289 798 3336 sentinae
821 3304 867 3337 nou
888 3290 985 3338 deberet
1007 3293 1131 3353 respublica

203 3365 256 3410 112.
279 3356 313 3423 (⁷)
323 3358 410 3406 Sustuli
418 3366 545 3418 punctum
562 3356 648 3414 lllaque
689 3355 789 3413 aruplius
800 3369 825 3400 se
836 3355 988 3402 committere.

197 3443 267 3478 sem
285 3426 388 3485 oupttous
401 3437 443 3484 pro
455 3421 585 3482 periphrasi
593 3435 648 3481 pro·
720 3420 836 3466 XXVlll.
847 3416 881 3481 (¹)
895 3420 913 3466 l.
924 3436 945 3466 e.
961 3436 1022 3481 quae
1034 3421 1075 3468 ris.
1099 3420 1119 3484 (Ι

201 3490 409 3551 nominiseccipio.
436 3488 646 3546 Nrsimalisappo·
688 3483 968 3531 salamanassar.
981 3487 1067 3546 opimo.
1098 3485 1118 3548 (¹

201 3561 246 3608 sita
262 3571 312 3604 esse
329 3553 473 3612 intelligam
491 3566 563 3610 quum
575 3564 647 3597 senex
687 3550 725 3596 nl.
736 3556 884 3610 perverteret.
920 3547 953 3611 (⁴)
966 3551 984 3597 l.
1000 3567 1020 3598 e.
1033 3551 1128 3612 repede-

200 3625 306 3687 csptivus
322 3626 399 3669 essett
415 3634 437 3678 q.
450 3617 473 3662 d.
491 3631 563 3676 quum
580 3631 648 3663 senes
686 3615 1074 3669 tuadicetur,censebiturhsbere.
1095 3617 1128 3662 ll.

200 3681 647 3750 esset,cujuspsruminteressetsusip-
685 3680 792 3727 habebat.
826 3677 860 3742 (⁵)
873 3680 968 3728 Transit
983 3682 1014 3728 ad
1030 3689 1126 3728 rectem:

200 3757 248 3804 sius
259 3750 485 3813 causaetcapttvur,
497 3748 562 3808 cujus
571 3747 647 3794 malae
686 3745 717 3793 cf.
736 3746 753 3793 1.
771 3746 809 3794 tt.
831 3747 884 3793 158.
918 3740 950 3809 (ὅ)
969 3746 1055 3794 Deleut
1069 3746 1127 3796 codd.
