2472 4432
222 378 261 436 82
554 376 613 438 DE
635 376 815 438 OFFICIIS

222 536 263 602 tri
277 547 384 602 autem
403 535 606 623 magistratus
626 536 893 624 imperatoresque
907 559 948 600 ex
963 534 1049 600 hac⁵
1068 557 1147 599 una
1163 557 1166 600 ι

222 623 392 687 maximam
413 621 539 686 laudem
561 645 671 710 capere
691 622 870 700 studebant,
887 623 915 686 si
929 622 1166 707 provincias,

223 708 324 772 socios
346 707 504 793 aequitate
526 721 557 774 et
579 708 641 774 fide
669 708 890 774 defendissent.
943 708 1075 793 Itaque
1103 707 1166 778 illu

223 793 430 880 patrocinium
444 794 527 860 orbis
539 806 639 859 terrae
654 794 768 872 verius,
785 816 880 881 quam
893 793 1093 879 imperium,
1114 801 1166 879 pol

223 891 289 942 erat
311 880 476 944 nominari.
524 881 647 946 Sensim
669 880 751 946 hanc
768 879 1034 944 consuetudinem
1063 891 1103 943 et
1123 879 1166 942 dit

222 964 370 1050 eiplinam
389 967 457 1052 jam
478 966 584 1030 antea“
604 967 842 1043 minuebamus3
865 977 937 1052 post
958 988 1041 1030 vero
1065 965 1166 1030 Sulla

222 1050 384 1114 victoriam
400 1052 524 1137 penitus
539 1053 719 1118 amisimus:
743 1051 878 1116 desitum
897 1061 946 1114 est
961 1051 1055 1114 enim
1075 1051 1166 1116 videt

221 1135 393 1221 quidquam
408 1138 440 1201 in
456 1139 556 1202 socios
570 1139 724 1223 iniquum,
761 1159 836 1201 uum
851 1136 1029 1201 exstitisset
1038 1137 1079 1200 in
1091 1137 1166 1202 cive

221 1233 310 1286 tanta
330 1223 508 1288 crudelitas.
556 1225 644 1311 Ergo
665 1224 734 1288 in⁷⁸
762 1246 781 1289 o
801 1235 910 1288 secuta
930 1234 978 1286 est
992 1221 1166 1286 honestari

221 1329 347 1373 causam
361 1331 425 1373 non
436 1309 568 1375 honesta
576 1309 731 1375 victoria⁷.
778 1308 838 1374 Est
847 1308 930 1373 enim
938 1329 1039 1372 ausus
1049 1308 1166 1384 dicere

220 1391 311 1459 hasta
325 1396 427 1481 posita
448 1418 546 1481 quum
569 1397 651 1462 bona
663 1396 698 1459 in
712 1396 779 1459 foro
795 1393 941 1460 venderet
956 1406 990 1458 et
1005 1394 1166 1462 bonoruu

221 1480 358 1545 virorum
380 1493 412 1546 et
432 1481 639 1568 locupletium
660 1493 693 1546 et
713 1493 797 1546 certe
812 1481 940 1557 civium,
953 1483 1126 1563 praedam
1141 1503 1166 1546 st

220 1587 312 1632 suam
326 1570 468 1634 vendere.
516 1569 651 1634 Secutus
666 1565 735 1645 est⁸,
747 1567 802 1652 qui
816 1568 849 1631 in
865 1587 959 1630 eausa
974 1565 1092 1651 impia,
1107 1567 1166 1630 vic

222 1652 302 1718 toria
326 1654 421 1720 etiam
443 1655 590 1734 foediore,
616 1676 680 1718 non
705 1653 902 1740 singulorum
926 1651 1049 1715 civium
1083 1651 1166 1716 bona

221 1738 406 1824 publicaret,
422 1740 476 1805 sed
491 1741 652 1806 universas
667 1738 844 1826 provincias
858 1760 891 1801 re
917 1736 1071 1822 'onesque
1089 1735 1166 1800 unol

222 1824 408 1891 calamitatis
418 1827 490 1911 jure
501 1825 788 1912 comprehenderet.
825 1828 879 1887 28.
916 1834 1024 1908 taque,
1037 1823 1166 1888 vexatis

220 1931 257 1974 ac
281 1912 410 1996 perditis
434 1911 550 1974 exteris
568 1911 758 1988 nationibus
775 1909 815 1974 ad
835 1907 1041 2009 exemplum¹⁰
1054 1909 1166 1974 amissi

220 1995 342 2081 imperii
356 1996 473 2081 portari
493 1997 526 2059 in
540 1996 701 2083 triumpho
718 1995 894 2060 Massiliam
908 1994 1055 2071 vrdimus,
1073 2005 1108 2059 et
1122 2017 1166 2060 ex

221 2102 258 2144 ea
274 2081 350 2144 urbe
366 2079 563 2167 triumphari,
577 2083 719 2168 sineque
728 2103 899 2166 numquam
909 2079 1009 2144 nostri
1023 2079 1164 2165 impera-

218 2177 301 2230 tores
321 2188 363 2230 ex
380 2165 598 2252 Transalpinis
619 2167 734 2232 bellis¹l
756 2166 1001 2253 triumpharunt.
1049 2166 1162 2230 Multa

220 2262 382 2338 praeterea
396 2273 670 2318 commemorarem
685 2253 803 2318 nefaria
813 2254 845 2316 in
857 2252 968 2328 socios,
980 2251 1006 2315 si
1017 2250 1077 2316 hoc
1094 2275 1159 2316 uno

220 2337 393 2423 quidquam
414 2337 461 2402 sol
484 2337 612 2404 vidisset
632 2339 802 2427 indignius.
847 2339 925 2404 Jure
939 2338 1037 2424 igitur
1046 2338 1159 2424 plecti-

219 2445 298 2487 mur.
325 2422 396 2487 Nisi
406 2423 490 2488 enim
501 2425 671 2491 multorum
679 2424 834 2511 impunita
843 2423 1154 2501 sceleratulissemus,

220 2530 392 2594 numquam
406 2508 445 2573 ad
460 2531 557 2575 unum
572 2523 659 2576 tanta
679 2511 871 2597 pervenisset
884 2509 1012 2574 licentia
1020 2532 1029 2585 3
1051 2533 1071 2574 a
1092 2532 1154 2594 quo

219 2593 346 2680 quidem
361 2595 407 2659 rei
427 2596 586 2662 familiaris
601 2597 640 2661 ad
652 2617 782 2699 paucos,
800 2596 1006 2746 cupiditatum
1021 2596 1060 2659 ad
1074 2595 1153 2658 mul-

220 2690 269 2744 tos
282 2679 440 2766 improbos
453 2683 539 2747 venit
555 2681 720 2747 heredrtas.
764 2686 817 2750 29.
872 2705 907 2747 ec
920 2703 993 2747 vero
1006 2702 1150 2765 umquam

221 2765 376 2831 bellorum
385 2765 526 2832 civilium
537 2790 643 2832 semen
653 2779 685 2832 et
695 2790 789 2834 causa
800 2767 909 2845 deerit,
926 2766 1000 2831 dum
1014 2765 1148 2830 homines

244 2852 335 2917 erditi
350 2851 471 2917 hastam
480 2853 568 2919 illam
577 2865 738 2919 cruentam
747 2864 779 2917 et
790 2853 991 2918 meminerint
1004 2862 1035 2917 et
1048 2874 1147 2939 spera-

220 2874 319 3002 bunt:
343 2960 438 3024 quam
456 2939 495 3004 P.
515 2939 606 3004 Sulla
627 2961 725 3025 quum
747 2939 901 3004 vibrasset
919 2938 1066 3003 dictatore
1080 2960 1146 3024 pro-

220 3022 340 3109 pinquo
355 3046 422 3102 suo,
439 3024 522 3090 idem
537 3025 794 3090 sexto‘tricesimo
810 3046 892 3088 anno
907 3037 980 3111 post
993 3047 1011 3089 a
1023 3023 1144 3088 scelera-

221 3108 299 3173 tiore
314 3109 406 3175 hasta
427 3133 489 3174 non
506 3111 650 3176 recessit:
674 3111 754 3175 alter
767 3122 884 3188 autem,
901 3109 956 3196 qui
976 3110 1008 3174 in
1020 3109 1072 3173 illa
1084 3110 1142 3173 dic-

221 3205 326 3260 tatura
340 3198 442 3261 scriba
455 3198 566 3275 fuerat,
579 3198 612 3261 in
622 3197 680 3262 hac
691 3197 750 3260 fuit
760 3207 906 3281 quaestor
918 3196 1058 3261 urbanus.
1094 3195 1141 3260 Ex

220 3303 284 3367 quo
299 3281 393 3346 debet
414 3282 560 3369 intelligi,
585 3282 701 3347 talibus
724 3281 871 3370 praemiis
885 3281 1046 3369 propositis
1058 3303 1139 3344 num-

222 3389 316 3454 quam
339 3366 483 3432 defutura
510 3368 593 3434 bella
618 3369 730 3434 civilia.
779 3368 892 3453 ltaque
915 3366 1042 3453 parietes
1054 3366 1138 3430 modo

222 3569 285 3619 ai-r
296 3572 319 3612 et
328 3565 356 3612 de
367 3563 405 3612 Or.
415 3563 439 3610 ii.
450 3565 470 3610 1.
479 3565 501 3610 4.
522 3559 555 3626 (⁶)
566 3565 584 3611 1.
593 3579 612 3612 e.
621 3566 672 3626 jam
692 3611 693 3614 ,
712 3564 758 3624 Np.
771 3565 798 3611 C.
811 3564 904 3612 Caesar.
928 3561 960 3624 (⁹)
968 3562 1016 3609 vir.
1027 3563 1101 3609 Graes.
1109 3564 1135 3608 ad

225 3642 279 3678 aute
292 3631 370 3678 Sullae
383 3629 509 3676 victoriam.
544 3625 578 3690 (⁷)
588 3631 625 3676 cf.
638 3631 671 3677 iii.
711 3645 746 3677 οι.
756 3631 781 3675 tn
794 3630 863 3676 aaut.
875 3631 905 3676 iv.
918 3631 940 3674 l.
952 3629 974 3673 3.
1006 3623 1044 3689 (¹⁰)
1054 3625 1070 3672 l.
1081 3643 1098 3674 e.
1111 3637 1135 3674 ut

226 3698 262 3742 10.
280 3698 318 3744 40.
330 3697 375 3753 ila,
387 3698 411 3742 ia
428 3710 453 3742 eo
471 3709 532 3756 rege.
566 3695 604 3741 Ad
621 3709 671 3742 rern
711 3696 755 3742 lroc
772 3698 880 3755 exemplo
898 3693 1062 3752 intelligeretur,
1072 3693 1133 3739 amis·

224 3772 304 3810 autem
324 3763 409 3810 adhibe
426 3760 520 3807 Sallust.
534 3759 559 3806 0.
573 3761 611 3806 ll.
639 3756 672 3821 (Β)
712 3774 763 3806 ιιιιι
775 3775 825 3808 esre
836 3760 916 3822 populi
930 3759 958 3806 u.
970 3759 1084 3820 imperium
1095 3754 1131 3820 (¹¹)
