2450 4478
198 386 254 444 158
531 380 589 442 DE
612 379 796 442 OFFICIIS

195 543 326 607 tenebat
350 539 525 618 Hannibal,
548 561 613 604 non
635 561 714 626 quos
731 540 764 604 in
779 541 847 605 acie
862 541 1000 627 cepisset
1013 553 1071 606 ant
1085 541 1139 628 qni

195 627 335 715 periculo
359 626 468 690 mortis
492 625 688 705 defuissent,
715 626 771 691 sed
792 627 849 712 qui
862 627 965 692 relicti
979 628 1012 692 in
1028 627 1140 692 castris

195 715 326 778 fuissent
342 733 361 776 a
378 711 491 776 Paullo
513 723 546 777 et
560 733 580 776 a
597 713 750 791 Varrone,
767 713 962 778 consulibus.
1012 712 1079 778 Eos
1093 735 1143 776 se-

196 812 290 864 natus
304 796 382 862 non⁵
392 797 515 862 censuit
526 797 732 877 redimendos,
768 821 845 862 uum
854 799 886 863 id
897 822 997 886 parva
1006 799 1141 886 pecunia

195 885 262 949 fieri
278 895 402 969 posset;
425 895 462 948 ut
473 897 556 950 esset
565 883 696 948 insitum
707 820 860 950 militibus
874 886 993 950 nostris
1007 897 1065 950 aut
1074 885 1141 950 vin-

196 993 266 1034 cere
280 980 335 1034 aut
350 969 459 1033 emori.
507 969 581 1044 Qua
595 969 723 1054 quidem
737 991 770 1034 re
785 969 903 1048 audita,
919 972 1060 1037 fractum
1075 971 1143 1035 ani-

196 1077 283 1120 rnum
301 1055 491 1120 Hannibalis
502 1055 624 1121 scribit⁶
637 1053 732 1133 idern,
746 1055 832 1142 quod
843 1067 973 1122 senatus
986 1056 1142 1158 populus-

196 1163 259 1228 que
278 1141 441 1206 Romanus
463 1141 557 1206 rebus
579 1141 702 1208 afflictis
717 1153 782 1206 tarn
797 1142 925 1207 excelso
941 1165 1052 1207 anrrno
1066 1143 1144 1206 fuis-

196 1238 254 1292 set.
305 1226 361 1292 Sic
381 1225 570 1292 honestatis'
585 1249 655 1291 corn
678 1228 817 1292 aratione
830 1250 877 1306 ea,
894 1251 978 1316 quae
996 1229 1144 1293 videntur

197 1313 298 1390 utilia,
322 1313 504 1378 vincuntur.
551 1317 620 1378 115.
646 1249 769 1378 :icilius
790 1325 908 1392 autern,
933 1315 990 1401 qui
1017 1314 1145 1380 Graece

197 1399 321 1485 scripsit
342 1397 515 1476 historiam,
540 1398 647 1485 plures
668 1400 711 1464 ait
733 1399 839 1477 fuisse,
879 1400 913 1463 ui
927 1400 961 1464 in
978 1413 1081 1465 castra
1096 1423 1143 1464 re·

198 1485 365 1550 vertissent
380 1486 488 1551 eadem
502 1485 622 1562 fraude,
635 1496 671 1549 ut
683 1423 897 1571 jurejurando
913 1486 1142 1560 liberarentur3

197 1593 313 1658 cosque
328 1594 347 1636 a
361 1571 543 1637 censoribus
554 1570 700 1636 omnibus
711 1571 894 1658 ignominiis
909 1583 1049 1637 notatos.
1094 1573 1144 1636 Sit

194 1659 263 1743 j‘am
278 1657 373 1744 hujus
395 1658 456 1723 loci
477 1657 559 1721 finis.
607 1657 813 1743 Perspicuum
829 1670 878 1722 est
892 1658 978 1721 enim
994 1681 1042 1736 ea,
1062 1681 1146 1744 quae

200 1744 313 1809 timido
327 1744 442 1822 animo,
461 1743 583 1820 humili,
597 1742 731 1808 demisso
745 1743 909 1829 fractoque
924 1743 1015 1823 fiant,
1034 1743 1144 1830 (quale

198 1831 308 1895 fuisset
336 1831 454 1916 Reguli
476 1831 605 1906 factum,
631 1829 658 1893 si
681 1841 735 1893 aut
757 1829 796 1893 de
813 1829 959 1915 captivis
978 1830 1065 1915 quod
1085 1831 1145 1917 ipsi

199 1939 280 2002 opus
294 1939 362 1980 esse
377 1916 545 1993 videretur,
558 1937 622 1978 non
638 1915 723 2000 quod
736 1916 782 1978 rei
796 1915 952 2000 publicae,
972 1917 1145 1980 censuisset

199 2015 255 2065 aut
264 2001 349 2065 dorni
363 2022 522 2064 remanere
537 2000 705 2089 voluisset)
714 2023 778 2064 non
792 2023 860 2066 esse
875 2001 976 2080 utilia,
993 2002 1071 2089 quia
1081 2002 1146 2066 sint

199 2086 242 2151 lla
266 2087 371 2162 itiosa,
387 2085 486 2162 foeda,
505 2086 619 2170 turpia.

287 2170 436 2235 XXlll.
464 2172 533 2235 116.
561 2171 676 2236 Restat
697 2183 809 2258 quarta
823 2195 904 2259 para,
922 2195 1005 2258 quae
1021 2173 1146 2250 decore,

200 2257 426 2334 moderatione,
441 2256 604 2334 modestia,
621 2258 826 2334 continentia,
844 2259 1055 2344 temperantia
1070 2281 1146 2324 eon-
1200 2327 1201 2348 ,

201 2346 329 2410 tinctur.
377 2344 488 2408 Potest
502 2343 601 2431 igitur
618 2343 792 2430 quidquam
806 2344 884 2409 utile
906 2367 985 2422 esse,
1002 2345 1092 2430 quod
1106 2345 1146 2409 sit
1200 2369 1201 2410 t

201 2431 275 2495 huic
291 2431 403 2495 talium
417 2429 570 2494 virtutum
593 2429 689 2494 choro
711 2431 930 2495 contrarium?
976 2432 1022 2495 At
1047 2431 1081 2494 ui
1096 2431 1147 2496 ab¹

204 2517 367 2602 Aristippo
393 2515 561 2601 Cyrenaici
583 2528 678 2601 atque
702 2517 870 2582 Annicerei
891 2454 1076 2603 philosoplri
1092 2539 1148 2581 no-

201 2602 313 2666 minati
324 2602 546 2666 omnebonum
560 2602 593 2666 in
609 2602 774 2689 voluptate
783 2613 965 2688 posuerunt,
980 2603 1148 2668 virtutem-

202 2710 264 2774 que
287 2700 476 2752 censuerunt
503 2687 544 2753 ob
568 2711 637 2753 eam
660 2711 726 2751 rem
752 2709 820 2752 esse
843 2687 1045 2766 laudandam,
1086 2689 1148 2752 uod

202 2773 338 2838 efficiens
353 2784 435 2840 esset
448 2774 631 2860 voluptatis.
671 2773 1058 2848 Quibusobsoletislloret
1102 2775 1148 2862 pi·

121 3039 124 3045 ·
201 2981 231 3027 ad
255 2982 293 3026 13.
316 2978 354 3026 57.
385 2986 444 3025 extr.
474 2993 521 3039 spr.
563 2974 652 3040 (⁴)lta
693 2976 762 3040 [175.
774 2977 830 3042 H.]‚
842 2981 957 3028 Dietrr‘cb.
971 2981 1016 3030 Qu.
1030 2981 1074 3028 Gr.
1088 2995 1111 3042 p.
1125 2982 1146 3026 8.

200 3046 288 3106 conjeci
299 3061 305 3097 3
327 3045 391 3103 vulg.
409 3043 575 3106 dr’ffmeeents
601 3045 653 3090 cod.
691 3041 724 3106 (⁷)
738 3046 757 3092 1.
770 3061 792 3092 e.
804 3046 980 3106 comparatione
992 3060 1049 3092 curn
1060 3047 1146 3093 hones-

201 3125 267 3158 meus
286 3108 451 3170 deffugr'rsentr
468 3110 498 3155 cf.
511 3108 614 3170 Philipp.
627 3110 650 3156 it.
690 3118 752 3157 tate:
770 3112 800 3157 cf.
812 3111 882 3158 Brut.
902 3110 941 3158 41.
962 3110 1026 3168 173.,
1047 3113 1063 3137 ‘⁴
1072 3111 1148 3160 lirant

201 3177 241 3222 29.
252 3175 299 3229 71,
318 3175 332 3200 ‘⁴
343 3175 386 3221 Cui
399 3175 460 3221 bello
472 3189 545 3234 quum
557 3182 652 3234 propter
690 3189 719 3222 ea
730 3177 753 3220 in
768 3175 883 3236 Philippo,
895 3191 963 3235 quae,
972 3177 1013 3236 qui
1025 3176 1077 3224 sine
1089 3192 1147 3224 corn·

200 3240 349 3288 timiditatem
368 3248 441 3296 tuam,
454 3248 503 3285 turn
516 3247 610 3299 propter
622 3241 650 3286 li·
690 3243 812 3300 paratione
833 3242 925 3287 illorum
948 3248 1074 3302 spectaret,
1092 3242 1148 3288 satis

199 3305 290 3352 bidines
306 3301 426 3366 destricti?¹
467 3305 528 3351 Nam
543 3306 606 3364 quod
623 3320 652 3352 en
693 3320 780 3364 magna
802 3303 921 3352 diceret:''
946 3307 1008 3352 adde
1030 3307 1148 3366 quaedam

202 3373 270 3418 Bern.
283 3371 305 3415 3.
328 3369 416 3430 recepit
435 3371 507 3417 Orell.
523 3371 653 3430 periculum
692 3371 790 3429 genitivi
801 3372 910 3432 exempla
922 3372 986 3432 apud
999 3372 1108 3432 Madvig.
1119 3373 1148 3419 ad

200 3438 280 3486 martie
289 3432 438 3496 dafugtrrent,
447 3435 472 3481 id
479 3435 653 3496 apertissimum
692 3437 721 3482 de
732 3436 759 3483 F.
772 3451 795 3496 p.
808 3435 862 3484 742.

200 3501 258 3550 mihi
269 3499 358 3550 librarii
369 3507 542 3548 tentamentum
552 3509 594 3548 est.
620 3498 652 3562 (⁶)
725 3497 914 3563 xxxl11.(¹)1.
924 3516 946 3548 e.
956 3501 1083 3562 Cyrenaici
1095 3501 1148 3563 pbi-

202 3559 260 3614 vide
272 3565 329 3613 adi.
343 3566 381 3612 13.
390 3566 428 3632 39.
463 3559 494 3625 (⁶)
503 3566 540 3613 Al.
552 3567 652 3626 scripsit,
693 3565 784 3626 losophi
796 3569 825 3612 ab
835 3567 955 3627 Aristippo
968 3566 1083 3626 protecti:
1101 3569 1148 3613 vid.

200 3636 303 3684 truamur
321 3631 350 3678 de
367 3631 497 3690 praecentis
513 3641 593 3678 autern
609 3646 653 3677 usu
692 3631 782 3678 Sanctti
792 3631 892 3679 Minora.
904 3632 998 3692 iintp.
1009 3634 1068 3692 4043
1087 3633 1148 3678 adde

201 3701 254 3746 ride
274 3699 383 3745 Goerena.
400 3697 431 3744 ad
448 3695 495 3742 oo.
514 3696 557 3743 Ae.
573 3697 597 3743 ii.
616 3698 653 3742 16.
692 3697 720 3742 de
734 3697 773 3744 Or.
785 3697 809 3742 ii.
823 3699 861 3744 38.
872 3699 933 3755 160.,
951 3699 965 3723 “
976 3697 1035 3743 Erat
1045 3697 1150 3745 animat

201 3760 652 3823 p.er.,W0ptro.L.T.p.126.
692 3761 737 3809 isto
749 3762 901 3810 Aristotele.”
935 3761 1147 3810 Namcareetiam
