2472 4432
370 339 449 398 LIB.
470 340 493 400 1.
515 339 605 400 CAP.
626 344 674 400 45.
953 339 993 398 69

37 495 148 562 dorum
163 501 324 566 favorum
340 521 435 563 causa
449 512 692 586 congregantur,
716 497 781 577 sed,
805 519 902 584 quum
918 520 993 562 con-

36 586 222 733 grffabffia
234 599 357 652 natura
372 588 444 662 sint,
460 583 585 672 fingunt
596 588 704 660 favos3
727 589 772 649 sie
785 584 938 660 homines,
955 606 992 648 ac

35 692 66 731 m
102 687 137 736 to
147 675 255 737 etiam
265 672 384 819 magis,
397 683 508 736 natura
519 675 701 759 congregati
713 669 864 735 adhibent
878 669 993 757 agendi

37 756 278 845 cogitandique
294 780 333 822 so
346 759 468 821 ertiam.
515 757 638 842 ltaque,
656 757 716 821 nisi
730 779 767 820 ea
782 756 892 833 virtus,
910 777 992 841 quae

37 855 163 908 constat
175 867 222 908 ex
236 842 425 909 hominibus
435 842 569 919 tuendis,
592 843 624 905 id
639 853 697 921 est,
723 865 761 906 ex
773 841 924 906 societate
936 864 992 929 ge-

37 932 121 994 neris
135 928 293 1007 humani,
318 928 456 1014 attingat
481 928 693 1014 cognitionem
713 950 825 1005 rernm,
850 927 948 991 soliva
973 949 993 992 a

39 1016 199 1098 cognitio⁴
227 1029 264 1082 et
284 1015 400 1101 jejuna
429 1014 582 1078 videatur.
639 1013 783 1098 Itemque
807 951 993 1099 magnitudo

39 1099 148 1177 animi,
174 1114 310 1166 remota
334 1099 368 1163 a⁵
390 1099 613 1164 communitate
636 1098 919 1185 conjunctioneque
933 1098 992 1162 hu-

40 1206 141 1262 mana,
167 1188 288 1252 feritas
303 1185 346 1249 sit
361 1185 513 1270 quaedam
534 1198 566 1249 et
580 1186 767 1250 immanitas,
817 1185 867 1248 lta
882 1183 928 1261 fit,
953 1197 989 1248 ut

41 1270 147 1336 vincat
162 1272 367 1360 cognitionis
382 1271 519 1334 studium
528 1271 717 1336 consociatio
726 1270 887 1334 hominum
897 1283 992 1356 atque

43 1361 276 1423 communitas
326 1361 397 1420 158.
416 1356 484 1420 Nec
506 1379 612 1420 verum
641 1369 699 1434 est,
723 1356 807 1442 quod
837 1357 950 1422 dicitur
973 1379 992 1420 a

45 1441 252 1525 quibusdam,
310 1454 418 1527 ropter
450 1443 669 1508 necessitatem
698 1443 792 1519 vitae,
827 1442 911 1528 quod
941 1465 989 1519 ea,

46 1549 124 1609 quae
139 1543 263 1594 natura
278 1466 478 1605 desideraret,
495 1529 644 1614 consequi
654 1529 721 1592 sine
736 1528 804 1593 aliis
815 1541 909 1676 atque
925 1527 991 1592 effi-

48 1635 113 1677 cere
127 1637 196 1679 non
213 1635 392 1701 possemus,
415 1613 530 1678 idcirco
544 1614 667 1679 initam⁶
681 1636 748 1680 esse
768 1636 839 1678 cum
881 1612 992 1676 omini-

48 1697 105 1762 bus
131 1701 399 1766 communitatem
419 1711 450 1764 et
475 1699 666 1766 societatem.
723 1700 819 1774 Quod
841 1699 868 1762 si
886 1697 992 1763 omnia

48 1784 149 1862 nobis,
175 1809 262 1873 quae
285 1786 325 1850 ad
349 1786 465 1849 victum
488 1786 607 1850 cultum
629 1809 670 1850 ue
693 1783 876 1871 pertinent⁷,
897 1787 992 1870 ,quasi

52 1869 176 1956 virgula
196 1872 317 1948 divina,
343 1882 378 1935 ut
392 1871 490 1949 aiunt,
514 1809 824 1957 suppeditarentur⁸3
848 1882 915 1935 tum
935 1893 992 1956 op·-

33 2032 38 2043 .
51 1953 125 2019 timo
138 1958 278 2043 quisque
287 1956 424 2044 ingenio,
438 1957 574 2044 negotiis
586 1957 730 2021 omnibus
742 1956 872 2035 omissiS,
890 1968 991 2021 totum

54 2061 85 2103 se
98 2041 132 2104 in
148 2044 335 2130 cognitione
350 2055 382 2107 et
396 2042 526 2107 scientia
547 2043 724 2108 collocaret.
771 2044 846 2107 Non
862 2053 909 2107 est
924 2043 992 2108 ita:

55 2147 123 2190 nam
133 2143 168 2193 et
176 2128 382 2193 solitudinem
391 2129 516 2216 fugeret
527 2140 558 2192 et
567 2131 685 2194 socium
701 2129 795 2192 studii
807 2140 969 2215 quaereret
981 2153 990 2192 :

56 2222 121 2276 turn
136 2215 261 2293 docere,
285 2225 354 2279 tum
370 2214 486 2278 discere
501 2215 605 2293 vellet,
630 2227 698 2280 tum
720 2214 838 2292 audire,
863 2227 929 2278 tum
945 2213 991 2278 di-

58 2318 136 2362 cere.
182 2300 274 2386 Ergo
286 2323 378 2364 omne
393 2300 538 2378 officium,
562 2300 647 2386 quod
671 2299 711 2364 ad
734 2299 989 2386 conjunctionem

58 2379 214 2448 hominum
242 2398 275 2449 et
299 2385 339 2450 ad
359 2386 540 2449 societatem
564 2386 711 2451 tuendam
739 2386 834 2463 valet,
858 2397 990 2469 antepo-

60 2470 192 2534 nendum
219 2483 269 2535 est
292 2471 339 2535 illi
358 2471 470 2549 officio,
494 2473 577 2556 quod
597 2471 778 2558 cognitione
803 2483 836 2536 et
860 2470 991 2536 scientia

60 2557 245 2621 continetur.

103 2641 216 2707 XLV.
245 2646 316 2710 159.
345 2641 428 2706 Illud
452 2641 581 2708 forsitan
606 2641 819 2728 quaerendum
839 2641 890 2717 sit,
914 2663 990 2705 num

61 2722 133 2790 haee
147 2729 366 2804 communitas,
390 2750 469 2814 quae
491 2729 626 2792 maxime
640 2740 688 2791 est
703 2739 778 2812 apta
792 2739 932 2805 naturae,
949 2728 990 2791 sit

63 2812 147 2876 etiam
163 2813 372 2878 moderationi
387 2814 617 2900 modestiaeque
629 2835 749 2899 semper
759 2813 988 2898 anteponenda.

64 2893 132 2962 Non
147 2899 262 2984 placet.
312 2900 394 2964 Sunt
409 2900 492 2964 enim
507 2899 657 2986 quaedam
681 2898 795 2984 partim
818 2903 863 2964 ita
886 2897 987 2975 thoda,

63 2983 167 3065 partim
181 2989 227 3050 ita
241 2984 407 3071 flagitiosa,
432 2998 468 3050 ut
483 3008 521 3052 ea
544 3008 584 3048 ne
609 2983 839 3048 conservandae
863 2983 990 3069 quidem

63 3069 172 3150 patriae
196 3093 293 3134 causa
316 3070 439 3156 sapiens
464 3070 604 3137 facturus
628 3070 679 3134 sit.
727 3070 776 3134 Ea
805 3068 991 3134 Posidonius

65 3242 86 3284 fic
128 3241 163 3306 (⁴)
185 3245 280 3291 Nomen
299 3259 342 3304 pro
362 3245 500 3304 pronomine
540 3246 577 3290 21).
593 3247 638 3300 60„
650 3243 790 3306 objiciantur
800 3263 808 3298 ,·
819 3246 848 3292 de
856 3243 936 3292 luail.
950 3242 988 3292 47.

65 3303 150 3368 (locc):
170 3325 191 3356 v.
211 3311 242 3356 ad
262 3310 294 3356 N.
307 3309 336 3355 D.
349 3310 382 3356 iii.
397 3311 432 3355 11.
446 3310 500 3363 28.;
544 3311 603 3366 139.,
616 3313 705 3368 putauit
714 3328 722 3363 ,·
736 3312 759 3356 in
781 3310 850 3357 Catil.
867 3310 896 3356 iv.
918 3310 939 3356 1.
958 3308 988 3364 7.,

65 3372 118 3419 adde
136 3375 172 3420 itr.
190 3375 216 3420 ii.
237 3376 256 3419 1.
269 3375 291 3420 4.
326 3371 359 3436 (⁵)
372 3376 409 3420 Sic
422 3376 450 3421 R.
463 3375 498 3428 2.;
540 3377 696 3434 opoctt'veraat
704 3393 711 3427 ,·
723 3376 786 3422 infra
796 3375 829 3422 iii.
844 3376 879 3421 15.
890 3376 936 3430 63„
948 3375 986 3419 28.

66 3438 119 3495 vulg.
125 3442 210 3485 remota
216 3455 292 3486 comm.
303 3456 308 3485 :
321 3441 351 3485 cf.
362 3440 398 3486 19.
409 3441 501 3498 63.spr.
542 3441 609 3486 lot:
630 3440 682 3485 vide
694 3440 764 3486 etiam
787 3441 902 3502 chlcens.
917 3439 943 3484 L.
960 3439 985 3483 Τ.

65 3494 95 3559 (⁶)
106 3504 140 3549 sic
151 3503 233 3564 optimi
242 3505 310 3550 riori:
323 3506 352 3550 n.
365 3507 439 3550 istam.
468 3501 500 3564 (⁷)
541 3520 563 3565 p.
577 3506 623 3557 ca,
641 3505 687 3560 os,
709 3507 763 3552 aaa.
778 3503 836 3566 [on.
852 3504 912 3558 131..
926 3503 990 3556 act,

68 3564 121 3612 Nota
131 3569 159 3614 ed
178 3579 266 3615 rectam
284 3569 412 3615 orationem
426 3579 500 3614 trans·
543 3566 598 3630 H.]‚
612 3570 714 3629 Madvig.
727 3572 756 3616 ad
765 3573 792 3617 de
804 3572 830 3616 F.
843 3585 865 3628 p.
877 3567 923 3615 67..
933 3566 985 3611 Mo·

67 3629 167 3679 itionem:
191 3632 221 3680 cs.
243 3634 322 3680 N.D.
343 3633 368 3679 ii.
388 3635 502 3690 52129..
542 3635 626 3680 senati
642 3635 706 3681 Taso.
726 3635 756 3682 iv.
779 3637 815 3681 10.
833 3634 870 3678 24.
904 3625 987 3689 (⁸)Cl'.

68 3704 179 3745 metantur
196 3705 219 3746 et
237 3699 380 3752 educamur,-
396 3700 424 3746 de
438 3699 469 3745 D.
487 3698 501 3744 i.
543 3700 571 3746 de
583 3700 612 3746 A.
626 3700 663 3747 23.
676 3701 714 3748 81.
