2472 4432
256 387 280 444 a·
594 384 652 446 DE
678 379 859 446 OFFlCllS

255 545 339 634 quod
348 542 841 631 quaerimus,honestnm:'quod‚'
850 543 945 608 etiarn
956 543 982 609 si
994 543 1157 610 nobilitat

256 655 318 697 non
334 630 386 707 sit,
410 642 516 694 tamen
531 628 699 694 honestum
713 640 772 707 eat,
797 629 944 716 quodque
960 653 1035 696 vere
1051 630 1160 696 dicim

255 719 349 784 etiam
364 716 389 781 si
405 739 424 781 a
438 715 527 779 nullo
541 715 696 793 laudetur,
714 726 827 780 natura
842 735 909 780 esse
924 716 1101 782 laudabile.

301 804 343 867 V.
362 803 509 868 Formam
523 801 651 887 quidem
664 801 776 887 ipsam,
793 801 903 866 Marce
917 801 973 880 fili,
985 814 1017 866 et
1035 813 1161 889 tamqu

254 888 366 954 facicm
381 887 505 952 honesti
521 886 627 963 vides3
644 909 727 974 quae
738 885 765 951 si
780 888 879 952 oculis
890 901 1089 967 cerneretur,
1110 891 1160 953 mi

255 973 334 1039 biles
346 996 477 1051 amores,
489 984 524 1038 ut
539 973 583 1038 ait
601 973 704 1052 Plato,
722 973 873 1039 excitaret
888 974 1087 1062 sapientiae¹.
1142 977 1161 1039 S

256 1083 358 1138 omne,
372 1059 457 1147 quod
483 1071 531 1125 est
547 1058 725 1137 honestum,
745 1059 778 1123 id
793 1071 928 1145 quatuor
942 1060 1084 1146 partium
1101 1063 1162 1126 orit

255 1144 432 1232 exaliqua:
456 1157 511 1211 aut
525 1144 609 1210 enim
623 1147 657 1210 in
672 1141 892 1232 perspicientia
914 1145 980 1212 veri
1002 1143 1162 1234 solertiaq

255 1243 406 1311 versatur,
420 1242 475 1297 aut
489 1232 522 1295 in
537 1230 699 1296 hominum
715 1230 864 1296 societate
879 1231 997 1296 tuenda
1011 1231 1162 1298 tribuend

255 1340 316 1404 que
338 1339 430 1382 suum
452 1318 566 1404 cuique
587 1329 619 1383 et
640 1339 744 1381 rerum
759 1329 989 1382 contractarum
1004 1317 1079 1396 fide,
1094 1331 1153 1383 aut

254 1403 351 1468 animi
375 1403 490 1468 excelsi
516 1414 610 1489 atque
635 1403 744 1469 invicti
766 1403 984 1490 magnitudine
1006 1424 1044 1468 ac
1071 1405 1162 1470 robor

253 1490 362 1555 autin
396 1491 547 1569 omnium,
578 1511 660 1576 quae
682 1488 763 1554 fiunt
784 1511 928 1591 quaeque
960 1488 1123 1568 dicuntur,
1149 1514 1163 1554 c

253 1575 327 1641 dine
348 1587 381 1641 et
395 1577 499 1655 modo,
523 1576 556 1640 in
578 1598 642 1662 quo
656 1575 740 1641 inest
753 1575 906 1640 modesta
919 1586 951 1640 et
973 1577 1163 1661 temperanti

258 1667 307 1728 15.
326 1663 418 1738 Quae
433 1674 568 1749 quatuor
579 1685 770 1748 quamquam
785 1661 868 1726 inter
882 1683 915 1726 se
931 1661 1083 1748 colligata
1098 1675 1163 1748 atqr

252 1748 414 1835 implicata
442 1760 526 1824 sunt,
558 1759 664 1812 tamen
689 1771 729 1812 ex
752 1747 886 1834 singulis
910 1758 995 1812 certa
1019 1747 1162 1812 officioru

253 1857 372 1922 genera
386 1845 576 1899 nascuntur:
601 1833 688 1897 velut
703 1855 742 1896 ex
758 1855 796 1897 ea
810 1845 909 1918 parte,
927 1855 1007 1919 quae
1022 1834 1126 1919 prima
1140 1835 1164 1899 d

254 1920 371 2006 scripta
383 1931 441 1998 est,
460 1920 493 1984 in
508 1940 571 2003 qua
584 1919 769 2003 sapientiam
779 1929 811 1982 et
824 1917 1022 2004 prudentiam
1032 1920 1164 2005 ponimu

253 2005 349 2070 inest‘
362 2004 524 2091 indagatio
538 2014 634 2088 atque
653 2003 796 2068 inventio
811 2003 895 2080 veri3
919 2006 1050 2091 ejusque
1065 2005 1165 2070 virtut

253 2091 314 2156 hoc
343 2112 458 2155 munus
487 2100 536 2154 ost
564 2089 737 2188 proprium.
785 2089 835 2153 16.
866 2090 915 2156 Ut
943 2092 1027 2156 enim
1056 2091 1164 2176 quisqt

252 2175 389 2241 maxime
403 2165 563 2276 perspicit,
580 2175 656 2260 qurd
677 2176 709 2240 in
733 2198 765 2242 re
781 2195 906 2261 quaque
929 2176 1122 2242 verissimum
1137 2179 1162 2241 si

253 2261 384 2412 quipue³
405 2259 583 2328 acutissime
609 2272 642 2325 et
667 2260 828 2327 celerrime
846 2274 951 2349 potest
973 2275 1006 2328 et
1028 2262 1132 2328 videre
1157 2287 1165 2328 ε

253 2371 315 2434 exp
330 2349 412 2413 icare
422 2346 620 2422 rationem,is
629 2347 890 2432 prudentissimus
899 2361 931 2413 et
942 2348 1165 2435 sapientissimo

252 2434 312 2499 rite
323 2433 431 2499 haberi
447 2433 538 2498 solet.
572 2432 730 2507 Quocirca
740 2430 824 2513 huic,
837 2434 927 2519 quasi
938 2435 1079 2511 materia,
1092 2457 1165 2520 quar

252 2531 368 2584 tractet
377 2530 409 2584 et
418 2521 451 2584 in
461 2541 524 2606 qua
535 2533 685 2598 versetur,
698 2519 840 2607 subjecta
849 2533 897 2586 est
908 2519 1034 2585 veritas·
1060 2523 1107 2586 tt.
1123 2521 1165 2584 Re

252 2605 346 2692 liquis
369 2616 475 2670 autem
501 2605 601 2671 tribus
626 2604 796 2672 virtutibus
825 2606 1026 2672 necessitates
1049 2609 1165 2692 proposi

251 2703 303 2756 tae
328 2702 402 2755 sunt
414 2691 518 2756 adeas
530 2713 579 2756 res
595 2694 749 2776 parandas
759 2693 965 2779 tuendasque,
976 2691 1089 2777 quibus
1102 2693 1165 2756 acti

253 2777 338 2842 vitae
353 2778 548 2842 continetur:
565 2788 602 2841 ut
617 2788 649 2842 et
663 2776 798 2842 societas
814 2778 979 2843 hominum
994 2778 1165 2864 conjunctio

252 2885 314 2948 que
325 2874 464 2928 servetur
475 2873 508 2928 et
521 2861 618 2926 animi
632 2862 822 2928 excellentia
832 2863 1078 2951 magnitudoque
1086 2885 1165 2949 quun

251 2949 283 3012 in
300 2947 453 3036 augendis
479 2948 592 3035 opibus
603 2947 855 3034 utilitatibusque
871 2962 904 3014 et
917 2950 977 3015 sibi
988 2961 1021 3014 et
1031 2950 1164 3014 suiscom

252 3034 409 3120 parandis,
425 3046 493 3099 tum
515 3033 617 3098 multo
636 3031 740 3119 magis
761 3033 863 3100 inhia
885 3035 962 3122 ipsis
983 3035 1165 3121 despiciendi

251 3119 385 3185 eluceat.
434 3119 522 3186 Ordo
536 3130 643 3184 autem
669 3131 701 3184 et
727 3121 903 3186 constantia
917 3135 949 3186 et
963 3121 1127 3186 moderatio
1146 3145 1162 3185 e

252 3226 299 3284 ea,
320 3228 401 3292 quae
415 3219 491 3272 sunt
505 3205 554 3270 his
568 3203 693 3283 similia,
711 3217 874 3272 versantur
889 3207 922 3272 in
945 3230 984 3274 eo
1006 3229 1123 3295 genere,
1139 3229 1164 3272 a(

283 3375 313 3422 V.
344 3372 378 3436 (¹)
398 3376 497 3424 Addidit
514 3376 558 3424 hor
573 3390 659 3424 nomen
670 3389 700 3424 ex
742 3373 774 3439 (²)
787 3377 830 3424 Eat
848 3391 904 3424 sane
923 3379 1088 3428 anacoluthon:
1104 3382 1165 3428 iden·

251 3440 394 3496 abundantia
414 3443 503 3503 dequo
519 3457 618 3489 morer.
634 3443 699 3503 Wap·
741 3450 788 3489 tern
811 3457 840 3489 eo
854 3442 944 3489 facilius
966 3443 1093 3492 Ciceronem
1105 3448 1165 3494 admi

251 3509 313 3553 lena.
325 3504 353 3551 L:
366 3506 390 3552 T.
401 3508 486 3566 ptos.
497 3503 565 3568 [231.
577 3505 638 3568 H.]:
654 3507 699 3554 nial
740 3507 797 3555 altae
826 3507 927 3554 arbitror
948 3515 1040 3569 propter
1066 3513 1165 3572 significa

250 3571 406 3618 tortc‘rectlua
419 3571 524 3631 Madvig.
541 3572 571 3618 ad
582 3573 610 3619 da
632 3573 660 3620 F.
676 3587 698 3632 p.
739 3573 826 3619 tionem
848 3573 950 3630 illorum,
968 3575 992 3620 ta
1014 3590 1093 3636 qao...
1104 3581 1165 3640 ‚pont

251 3637 314 3693 233,
338 3637 353 3662 ‘¹
370 3637 449 3684 Paullo
482 3637 640 3696 negligentius
669 3640 699 3684 ab
738 3653 794 3694 mara,
822 3639 858 3685 cul
881 3639 977 3700 propius
1006 3642 1087 3688 accedit
1106 3643 1165 3690 inerat

251 3701 424 3754 honeatiterbo
445 3709 469 3748 et
486 3701 580 3750 notione
601 3703 700 3761 orditur,
739 3715 810 3764 quam
846 3705 918 3751 nasci.
962 3703 993 3763 (³)
1027 3707 1165 3768 Negligenter,

251 3766 379 3828 quamipaa
393 3770 515 3824 tractabat,
527 3767 550 3813 in
563 3768 700 3830 sapientiae,
740 3768 807 3830 quati
829 3783 898 3830 supra
920 3771 1034 3830 posuisset
1050 3773 1089 3823 cut
1108 3776 1165 3823 enin.

251 3847 322 3893 qnam
346 3833 414 3882 Plato
429 3833 570 3892 nominarat,
591 3833 701 3885 desinit.”
741 3834 794 3882 vid.
808 3834 892 3894 Rhoda
903 3847 926 3896 p.
940 3837 978 3883 36.
