2472 4432
411 398 489 458 LIB.
505 399 528 457 Ι.
544 399 634 459 CAP.
647 403 695 459 40.
971 404 1010 459 68

37 559 141 643 poris
163 581 237 622 esse
253 557 377 621 dicunt.
425 555 565 644 Tempus
583 559 701 622 autem⁵
715 555 845 622 actionis
860 569 1009 644 opportu-

39 668 130 708 num
151 645 288 710 Graece
300 646 451 728 εὐκαιρία,
470 644 585 709 Latine
598 644 773 731 appellatur
787 645 919 708 occasio
956 644 1010 708 Sic

39 731 98 808 fit,
118 743 157 795 ut
173 729 341 793 modestia
354 729 441 806 haec,
454 751 548 814 quam
561 730 607 793 ita
621 730 870 815 interpretamur,
884 742 919 794 ut
930 729 1008 807 dixi,

42 817 195 881 scientia
204 816 251 880 sit
264 816 512 900 opportunitatis
521 816 702 879 idoneorum
711 815 750 878 ad
761 816 919 900 agendum
931 828 1008 880 tern-

43 901 200 988 porum⁶.
254 906 329 964 143.
356 901 420 964 Sed
435 911 538 986 potest
555 901 662 964 eadem
677 921 743 964 esse
759 901 940 986 prudentiae
955 901 1009 966 de-

47 989 174 1064 linitio,
194 988 237 1052 de
253 1009 322 1071 qua
344 986 496 1072 principio
514 985 666 1050 diximus:
690 985 750 1049 hoc
765 999 871 1050 autem
886 987 955 1051 loco
969 987 1008 1051 de

48 1075 286 1138 moderatione
303 1083 338 1134 et
353 1071 557 1156 temperantia
572 1083 603 1136 et
617 1072 727 1136 harum
743 1069 896 1136 similibus
912 1073 1008 1138 virtu-

50 1159 147 1222 tibus
163 1159 362 1243 quaerimus.
410 1157 533 1242 ltaque,
549 1179 628 1242 quae
641 1171 729 1222 erant
744 1157 928 1242 prudentiae
937 1182 1008 1244 pro-

53 1245 139 1328 pria,
157 1267 221 1308 suo
245 1244 320 1306 loco
344 1241 428 1306 dicta
450 1256 544 1306 sunt:
568 1266 648 1328 quae
665 1256 771 1308 autem
786 1243 895 1306 harum
909 1244 1008 1309 virtu-

53 1343 142 1408 tum,
166 1330 209 1393 de
233 1328 354 1414 quibus
376 1327 495 1412 jamdiu
516 1327 682 1412 loquimur,
700 1351 781 1414 quae
796 1328 953 1414 pertinent
968 1332 1007 1395 ad

55 1415 293 1480 verecundiam
308 1424 341 1476 et
355 1413 394 1476 ad
409 1436 515 1477 eorum
537 1415 804 1501 approbationem,
821 1415 1008 1499 quibuscum

55 1503 215 1577 vivimuS,
240 1521 330 1562 nunc
353 1498 483 1563 dicenda
507 1511 590 1567 sunt.
638 1505 709 1564 144.
734 1499 823 1564 Talis
843 1499 1008 1586 igiturest

56 1587 140 1651 ordo
154 1587 323 1652 actionum
333 1583 535 1662 adhibendus,
551 1597 598 1662 ut,
614 1585 877 1671 quemadmodum
891 1586 923 1649 in
939 1608 1007 1650 ora-

57 1675 152 1737 tione
168 1670 345 1748 constanti,
362 1670 406 1733 sic
420 1671 453 1734 in
468 1671 534 1734 vita
548 1673 651 1735 omnia
666 1672 729 1736 sint
743 1682 817 1756 apta
830 1671 913 1734 inter
926 1693 960 1735 se
975 1683 1007 1736 et

58 1757 302 1823 convenientia.
349 1755 418 1819 Tur
441 1779 458 1820 e
479 1769 528 1820 est
546 1756 630 1820 enim
644 1757 796 1842 valdeque
810 1755 959 1820 vitiosum
973 1757 1007 1820 in

59 1867 95 1908 re
110 1865 227 1908 severa
241 1839 393 1906 convivii⁷
402 1778 485 1906 dicta
496 1853 552 1906 aut
565 1842 733 1907 delicatum
747 1843 884 1927 aliquem
894 1841 1007 1907 inferre

59 1951 257 1993 sermonem.
305 1927 394 1991 Bene
418 1927 566 2005 Pericles,
613 1951 689 1992 uum
709 1927 839 1992 haberet
853 1926 1007 2016 collegam

60 2015 96 2078 in
113 2024 268 2101 praetura
286 2011 477 2097 Sophoclem
491 2012 576 2099 iique
590 1951 628 2078 lle
642 2013 799 2078 communi
815 2014 916 2078 officio
932 2037 1005 2078 con-

63 2101 243 2176 venissent,
260 2110 293 2162 et
308 2120 383 2162 casu
397 2099 550 2163 formosus
572 2121 650 2185 puer
667 2099 849 2185 praeteriret
864 2100 1007 2166 dixisset

64 2209 131 2271 que
160 2183 349 2270 Sophoclea
376 2183 444 2248 “O
475 2205 606 2269 puerum
633 2184 810 2270 pulchrum,
844 2185 965 2251 Pericle
976 2187 1005 2252 l'’

66 2273 155 2336 “At
179 2269 265 2334 enim
292 2280 478 2354 praetorem,
509 2269 676 2356 Sophocle,
702 2270 790 2335 decet
815 2292 878 2334 non
904 2272 1005 2335 solum

65 2379 194 2432 manus,
205 2355 365 2420 sedetiam
374 2353 495 2419 oculos⁸
508 2355 701 2420 abstinentes
714 2355 859 2420 habere.’'
899 2357 1006 2442 Atque

67 2442 131 2507 hoc
144 2443 231 2506 idem
247 2439 421 2526 Sophocles
435 2441 462 2504 si
475 2441 508 2504 in
521 2441 709 2505 athletarum
718 2442 902 2527 probatione
912 2441 1007 2506 dixis·

67 2539 130 2604 set,
143 2529 234 2614 justa
248 2525 488 2612 reprehensione
501 2528 669 2591 caruisset:
691 2537 780 2591 tanta
791 2528 838 2591 vis
850 2539 898 2591 est
907 2538 939 2592 et
947 2527 1008 2594 loci

69 2626 103 2676 et
117 2613 281 2699 temporis
326 2613 372 2677 Ut
387 2613 414 2675 si
428 2612 508 2696 quis,
521 2634 617 2697 quum
627 2634 755 2676 causam
769 2613 811 2677 sit
825 2626 960 2690 acturus,
974 2615 1007 2677 in

70 2699 183 2762 itinere
194 2710 251 2762 aut
260 2698 292 2760 in
301 2697 514 2762 ambulatione
529 2719 634 2762 secum
644 2699 711 2783 ipse
726 2699 903 2776 meditetur,
915 2710 971 2763 aut
980 2700 1005 2762 si

71 2785 148 2868 quid
171 2783 259 2848 aliud
283 2783 435 2847 attentius
459 2783 587 2869 cogitet,
604 2807 667 2848 non
690 2783 950 2870 reprehendatur:
974 2797 1006 2848 at

71 2869 133 2933 hoc
154 2869 240 2932 idem
266 2869 292 2932 si
318 2869 350 2932 in
374 2868 518 2933 convivio
539 2869 642 2946 faciat,
659 2868 849 2934 inhumanus
865 2870 1006 2934 videatur

71 2955 209 3020 inscitia⁹
223 2955 384 3040 temporis.
432 2958 502 3019 145.
521 2955 585 3018 Sed
593 2978 639 3032 ea,
652 2977 733 3040 quae
747 2956 882 3020 multum
896 2955 936 3019 ab
948 2955 1006 3019 hu·
1023 2977 1027 2986 “

72 3041 225 3105 manitate
241 3040 429 3126 discrepant,
446 3051 493 3116 ut,
509 3040 536 3103 si
551 3040 622 3125 quis
642 3041 674 3104 in
696 3041 763 3104 foro
779 3052 893 3117 cantet,
910 3052 965 3104 aut
980 3041 1007 3104 si

73 3149 135 3212 qua
149 3139 199 3192 est
214 3127 278 3190 alia
292 3149 409 3212 magna
423 3125 619 3225 perversitas,
630 3126 721 3190 facile
732 3127 907 3212 apparent¹⁰
915 3151 924 3203 ;
947 3149 1006 3191 nea

74 3235 189 3301 magno
203 3235 298 3297 opere
313 3212 555 3275 admonitionem
570 3224 602 3275 et
616 3225 782 3298 praecepta
796 3212 1004 3277 desiderant¹⁰.

77 3299 167 3373 Quae
182 3311 290 3362 autem
304 3319 401 3384 parva
411 3296 556 3360 videntur
565 3319 633 3362 esse
647 3296 760 3362 delicta
774 3319 876 3383 neque
891 3321 910 3362 a
924 3299 1006 3362 mul-

75 3463 114 3506 pro
124 3451 197 3495 etiarn
207 3447 232 3493 h.
245 3447 260 3492 l.
278 3456 357 3494 tuetur
369 3449 404 3495 ct.
418 3445 521 3507 Madvig.
561 3463 583 3507 p.
595 3447 650 3493 285.
684 3444 717 3509 (⁷)
731 3449 772 3494 Est
783 3464 796 3494 e
807 3449 874 3494 codd.
892 3449 1003 3496 Gruteri:

75 3528 163 3560 excurs-
182 3514 202 3559 1.
219 3513 250 3558 ad
266 3515 294 3560 de
313 3515 340 3559 F.
357 3529 381 3574 p.
401 3513 455 3560 804.
488 3511 522 3573 (⁵)
561 3513 829 3574 a1.conviniodignam.
863 3511 946 3574 (⁸101.
961 3527 1005 3572 pro

77 3579 133 3625 Vide
151 3579 182 3624 ad
205 3579 242 3623 13.
262 3580 300 3634 ⁴.⁰·
320 3593 367 3637 spr.
408 3572 440 3639 (⁶)
461 3577 523 3623 Nota
561 3578 591 3623 L.
610 3576 692 3622 Monil.
716 3578 754 3623 23.
774 3581 811 3624 66.
845 3575 878 3638 (⁹)
900 3578 959 3623 Vict.
981 3583 1005 3621 et

77 3645 204 3702 genitivum
212 3657 241 3688 ex
249 3644 295 3688 alio
303 3644 409 3702 genitivo
418 3645 522 3700 penden-
564 3641 644 3686 Lamb.
662 3643 797 3688 inscientia:
814 3659 835 3688 v.
848 3643 877 3688 ad
897 3642 935 3686 34.
950 3640 1003 3689 122.

78 3717 137 3754 teum
156 3723 177 3754 v.
191 3709 277 3754 Moser.
289 3709 318 3753 ad
331 3708 397 3752 ruse.
409 3707 424 3750 i.
439 3707 474 3751 12.
485 3707 522 3752 28.
562 3720 608 3765 apr.
642 3703 686 3768 (¹⁰)
706 3709 764 3766 Reg.
782 3722 862 3752 omncs
876 3705 999 3764 apparet..

79 3787 100 3832 p.
109 3773 155 3829 97,
166 3772 199 3819 iii.
216 3774 251 3818 18.
260 3773 297 3818 39.
309 3773 405 3832 plau,
415 3769 445 3816 iv.
454 3772 523 3818 614,
563 3773 685 3828 desiderat,
708 3787 746 3833 np.
765 3770 915 3831 perversitas3
941 3767 1003 3828 quod
