2450 4478
299 303 300 308 ¹
384 353 464 415 LlB.
485 353 543 414 111.
566 353 654 413 CAP.
670 353 718 412 22.
976 351 1032 408 145

73 525 132 579 est
148 512 329 600 pollicitae,
353 511 379 578 si
401 513 575 600 praemium
597 513 657 578 sibi
681 510 905 599 proposuisset,
930 531 974 586 se,
1000 519 1035 574 ut

73 599 169 665 clam
186 599 340 676 venisset,
364 597 408 664 sio
423 599 504 666 clam
518 599 551 663 in
569 600 597 664 P
621 599 685 664 rrhi
699 610 801 664 castra
815 597 987 663 rediturum
1002 608 1034 658 et

76 707 159 750 eum
182 706 311 756 veneno
330 699 524 750 necaturum.
608 707 669 750 unc
696 683 859 750 Fabricius
885 681 1035 748 reducen-

77 772 163 836 dum
180 771 307 836 curavit
322 770 362 836 ad
379 769 556 858 Pyrrhum3
578 772 674 858 idque
689 772 759 871 ejus
784 771 904 834 factum
926 767 1034 835 lauda-

77 869 157 922 tum
174 879 194 921 a
209 867 325 922 senatu
339 868 398 922 est.
445 857 556 942 Atqui,
581 858 608 922 si
633 879 770 944 speciem
794 855 942 921 utilitatis
967 854 1035 939 opi-

80 944 285 1029 nionemque
299 943 487 1029 quaerimus,
511 965 661 1030 magnum
674 942 753 1007 illud
767 942 888 1006 bellurn
902 941 1035 1028 perfuga

81 1051 173 1094 unus
189 1039 224 1092 et
238 1051 370 1114 gravem
395 1028 607 1094 adversarium
621 1028 743 1116 imperii
759 1028 953 1093 sustulisset:
979 1026 1034 1090 sed

81 1137 247 1202 magnum
261 1113 396 1179 dedecus
411 1126 444 1179 et
458 1114 625 1202 flagitium,
650 1115 777 1200 quicum
792 1113 908 1178 laudis³
932 1123 1034 1178 certa-

81 1223 164 1266 men
179 1200 304 1277 fuisset,
329 1221 400 1264 eum
414 1223 478 1265 non
491 1201 617 1278 virtute,
642 1199 696 1265 sed
710 1199 826 1266 scelere
841 1222 878 1264 su
901 1209 1033 1264 eratum.

82 1289 143 1354 st.
164 1286 289 1352 Utrum
303 1285 401 1373 igitur
415 1287 525 1351 utilius
539 1287 591 1351 vel
608 1286 762 1363 Fabricio,
798 1286 832 1350 ui
847 1299 860 1350 t
893 1286 918 1350 's
929 1286 964 1350 in
975 1284 1034 1350 hac

84 1373 180 1451 urbe,
205 1371 310 1457 qualis
328 1372 482 1437 Aristides
500 1372 636 1438 Athenis
650 1373 721 1450 fuit,
746 1308 797 1460 vei
818 1372 941 1436 senatui
963 1393 1036 1435 nos-

85 1471 151 1536 tro,
176 1457 236 1544 qui
251 1480 423 1544 numquam
437 1459 606 1524 utilitatem
617 1481 636 1524 a
647 1459 678 1524 di
703 1459 801 1522 nitate
816 1458 964 1544 sejunxit,
986 1479 1035 1522 ar-

84 1544 150 1608 mis
162 1566 238 1609 cum
249 1541 341 1608 hoste
351 1555 481 1623 certare,
494 1567 536 1610 an
547 1545 676 1610 venenis
702 1545 718 1610 P
765 1544 800 1608 Si
810 1542 929 1630 gloriae
942 1565 1036 1608 causa

83 1630 260 1716 imperium
277 1653 316 1694 ex
340 1631 488 1694 etendum
503 1643 562 1709 est,
586 1632 687 1695 scelus
703 1629 796 1707 absit,
821 1632 853 1692 in
881 1650 944 1714 quo
970 1651 1034 1692 non

86 1728 199 1802 potest
214 1737 284 1780 esse
299 1653 421 1803 gioria:
445 1717 493 1782 sin
508 1719 595 1804 ipsae
610 1739 686 1804 opes
700 1728 892 1838 expetuntur
906 1735 969 1800 quo
992 1736 1034 1778 uo

85 1803 194 1880 modo,
221 1823 286 1865 non
302 1813 450 1887 poterunt
465 1804 558 1868 utiles
580 1825 649 1868 esse
672 1824 744 1868 cum
771 1800 909 1864 infamia.
991 1821 1032 1863 on

85 1888 190 1988 igitur
205 1887 295 1952 utilis
308 1887 364 1952 illa
377 1888 418 1952 L.
433 1888 585 1989 Philippi,
613 1890 655 1964 Q.
674 1889 723 1966 F,
741 1885 929 1952 sententia⁶:
956 1907 1034 1971 quas

86 1975 239 2038 civitates
256 1973 298 2037 L.
318 1973 407 2038 Sulla
421 1997 555 2060 pecunia
568 1984 699 2062 accepta
712 1997 752 2038 ex
761 1972 1033 2038 senatusconsulto

87 2059 302 2138 liberavisset,
326 2059 376 2124 ut⁶
390 2082 446 2123 eae
466 2083 573 2124 rursus
597 2061 768 2148 vectigales
792 2070 906 2137 essent,
930 2080 1033 2143 neque

87 2147 129 2210 iis
143 2145 324 2232 pecuniam,
349 2167 444 2230 quam
458 2169 516 2233 pro
538 2145 684 2211 libertate
707 2146 866 2222 dederant,
891 2145 1034 2210 reddere-

88 2253 173 2298 mus.
223 2231 265 2296 Ei
279 2245 406 2296 senatus
421 2244 469 2296 est
483 2253 639 2296 assensus.
686 2232 796 2318 Turpe
810 2231 942 2316 imperio
955 2230 962 2295 1
987 2229 1034 2315 pi-

89 2329 232 2384 ratarum
248 2317 333 2382 enim
347 2317 459 2382 melior
472 2317 561 2397 fides,
575 2339 670 2403 quam
685 2316 834 2384 senatus⁷.
882 2316 926 2380 At
941 2326 1034 2380 aucta

90 2403 282 2490 vectigalia:
306 2403 385 2468 utile
399 2402 509 2490 igitur.
557 2402 745 2489 Quousque⁸
759 2402 921 2467 audebunt
932 2400 1033 2465 dicere

90 2489 268 2575 quidquam
295 2489 382 2567 utile,
407 2489 493 2574 quod
517 2512 580 2554 non
604 2488 798 2553 honestum?
842 2493 894 2554 88.
923 2487 1034 2550 Potest

90 2587 200 2640 autem
223 2573 281 2638 ulli
295 2575 437 2662 imperio,
461 2574 546 2662 quod
559 2575 663 2724 qloria
675 2575 771 2640 debet
785 2575 900 2640 fultum
916 2595 983 2638 esse
1000 2586 1032 2635 et

91 2661 317 2728 benevolentia
330 2661 496 2739 sociorum,
520 2673 600 2726 utre
615 2683 682 2726 esse
697 2660 817 2725 odium9
833 2675 864 2727 el
878 2659 1031 2726 infamia?

29 2757 34 2760 ’
95 2747 171 2811 Εο
186 2745 281 2811 etiam
301 2769 374 2810 oum
391 2749 514 2814 Catone
537 2769 608 2812 meo
634 2769 727 2833 saepe
740 2747 882 2814 dissensi.
929 2744 1033 2811 Nimis

91 2855 136 2896 mr
160 2833 172 2896 i
196 2833 368 2918 praefracte
386 2833 551 2899 videbatur
564 2833 719 2898 aerarium
734 2834 965 2921 vectigaliaque
981 2831 1034 2895 de-

92 2919 233 2996 fendere,
267 2919 371 2984 omnia
399 2918 600 3006 publicanis¹⁰
630 2941 759 3007 negare,
788 2921 888 2984 multa
919 2916 1032 2992 sociis3

93 3027 195 3090 quum
210 3005 243 3068 in
258 3002 316 3068 hos
342 3004 477 3070 benefici
503 3027 571 3070 esse
597 3006 791 3083 deberemus,
817 3028 888 3070 cum
908 3004 970 3068 illis
989 3003 1034 3067 sic

93 3113 200 3191 agere,
225 3100 262 3154 ut
277 3112 349 3155 cum
364 3090 484 3154 colonis
499 3092 613 3156 nostris
628 3092 798 3157 soleremus
811 3116 819 3168 ;
844 3113 944 3176 eoque
967 3112 1034 3153 ma-

92 3199 155 3263 gn,
172 3175 258 3262 quo¹¹
273 3176 329 3242 illa
343 3175 487 3242 ordinum
502 3178 683 3264 conjunctio
698 3178 737 3243 ad
752 3178 885 3242 salutern
898 3177 943 3241 rei
954 3176 1034 3263 pub-

91 3354 190 3392 eusaute
197 3346 231 3392 M.
239 3347 540 3410 Bruto‚..quamBrutus..
585 3359 643 3397 extr.
663 3365 710 3411 spr.
746 3346 779 3412 (⁶)
793 3353 812 3399 1.
824 3369 844 3400 e.
865 3369 911 3414 qna
927 3355 1037 3400 censebat

93 3413 214 3458 recitanda
225 3421 347 3468 curasset„
356 3421 497 3460 .eommotus
508 3415 544 3462 di·
585 3423 612 3461 ut
619 3439 658 3460 -.
682 3413 717 3479 (⁷)
727 3417 779 3463 Del.
787 3419 859 3465 Orell.
867 3436 888 3480 q.
896 3434 923 3474 a,
935 3419 1034 3467 frustra:

94 3477 178 3524 citur.”
208 3477 260 3522 Vid.
283 3479 412 3540 Wopkens.
433 3479 459 3524 in
476 3479 545 3526 Mire.
585 3480 613 3526 el.
626 3481 759 3528 assam.
783 3481 1035 3545 (⁸)lndignantispar·

98 3544 163 3590 Obrr.
175 3542 234 3588 Noc.
241 3550 297 3588 tom.
307 3559 329 3590 x.
337 3559 360 3605 p.
375 3543 427 3591 198.
445 3541 477 3605 (³)
486 3545 545 3590 Vide
586 3546 672 3592 titula:
690 3547 736 3594 vid.
753 3548 829 3596 leol.
859 3547 890 3611 (⁹)
904 3549 963 3593 Vide
975 3548 1005 3592 ad
1019 3547 1034 3591 i.

94 3609 125 3653 ad
135 3608 151 3653 1.
162 3609 200 3653 25.
213 3606 251 3654 87.
263 3623 309 3668 spr.
349 3607 545 3671 (⁴)viueaa17.
586 3610 1034 3674 31121111.(10)οῇ111111110.

96 3674 134 3719 68.
146 3687 193 3733 spr.
233 3669 267 3733 (⁵)
290 3675 307 3720 1.
320 3689 340 3721 e.
356 3675 470 3721 habentes
489 3689 545 3722 con·
586 3676 624 3723 62.
653 3673 697 3739 (¹¹)
706 3679 743 3725 111.
751 3683 816 3740 quod,
826 3681 937 3739 probante
945 3675 1035 3722 Kritaio

93 3741 200 3800 Junetam
209 3736 345 3786 infamiam:
359 3754 380 3786 v.
390 3740 421 3787 ed
432 3740 447 3786 1.
460 3741 495 3786 13.
505 3741 544 3786 10.
585 3742 616 3788 ed
627 3742 721 3791 Sallust.
732 3744 756 3791 C.
763 3759 785 3804 p.
796 3746 848 3792 1⁵8.
877 3738 920 3803 (¹⁹)
931 3741 977 3802 Np.
986 3741 1034 3801 qul,
