2472 4432
245 435 284 492 56
579 429 637 491 DE
661 425 841 494 OFFiCIiS

248 595 319 657 128.
348 589 418 655 Nec
432 612 504 654 vero
519 589 665 656 audiendi
679 603 754 656 sunt
772 590 911 678 Cynici⁹,
936 603 991 656 aut
1006 591 1035 656 si
1052 591 1118 678 qui
1133 591 1184 656 fue

244 688 318 742 runt
331 675 429 741 Stoici
440 698 537 761 paene
552 676 677 763 Cynici,
690 677 745 764 qui
755 675 986 764 reprehendunt
997 691 1032 742 et
1044 677 1184 744 irrident

244 762 328 847 quod
337 785 385 839 ea,
396 761 524 846 turpia¹⁰
532 785 613 848 quae
623 785 687 827 non
696 764 769 841 sint,
780 763 959 828 nominibus
969 786 1006 828 ac
1018 764 1132 828 verbis
1145 764 1184 828 fla

269 848 360 913 'tiosa
368 846 518 912 ducamus
530 871 539 924 ;
562 847 617 912 illa
628 859 744 926 autem,
756 870 837 934 quae
850 853 953 935 turpia
962 851 1039 926 sint,
1055 849 1184 913 nomini

244 871 304 998 lis
315 933 508 1020 appellemus
519 934 595 998 suis.
622 933 831 1011 Latrocinari,
845 935 998 1012 fraudare,
1006 935 1184 1000 adulterari

245 1041 278 1086 re
294 1034 385 1105 turpe
399 1030 448 1084 est
457 1041 466 1096 ;
489 1019 543 1083 sed
558 1017 671 1085 dicitur
691 1044 754 1085 non
770 1021 943 1085 obscoene:
967 1020 1105 1085 liberis¹¹
1122 1022 1184 1086 dan

245 1127 372 1191 operam
385 1127 419 1170 re
433 1102 601 1170 honestum
612 1117 670 1184 est,
695 1106 821 1170 nomine
835 1106 1029 1171 obscoenum
1043 1130 1052 1170 ε
1083 1107 1184 1193 plura

244 1212 306 1339 plue
321 1190 353 1253 in
369 1213 437 1256 eam
452 1191 640 1256 seutentiam
654 1192 694 1257 ab
710 1191 825 1256 eisdem
840 1205 948 1257 contra
964 1193 1184 1256 verecundiam

266 1276 453 1362 'sputantua
500 1277 568 1341 Nos
592 1285 699 1342 autem
722 1288 867 1342 naturam
895 1299 1067 1364 sequamur
1092 1290 1127 1342 et
1153 1279 1184 1344 al

245 1361 340 1440 omni,
365 1362 449 1449 quod
464 1361 611 1428 abhorret
625 1363 665 1428 ab
680 1363 841 1427 oculorum
861 1365 1049 1449 auriumque
1072 1387 1184 1450 appro

245 1448 383 1527 batione,
407 1449 578 1536 fugiamus.
641 1449 761 1526 Status,
784 1448 934 1526 incessus,
957 1448 1068 1528 sessio,
1096 1473 1184 1514 occu«

245 1533 334 1612 biti0‚
359 1535 477 1614 vultus,
494 1534 588 1612 oculi,
613 1556 762 1598 manuum
776 1545 881 1599 motus
897 1546 1024 1599 teneant
1039 1535 1123 1600 illud
1138 1536 1184 1600 de,

245 1641 363 1686 corum.
412 1625 482 1689 129.
501 1620 626 1696 Quibus
641 1621 674 1684 in
689 1621 780 1686 rebus
799 1620 862 1684 duo
873 1621 1010 1686 maxime
1036 1633 1115 1686 sunt
1140 1623 1184 1684 fu-

245 1707 378 1792 gienda3
401 1731 442 1772 ne
456 1706 531 1793 quid
546 1706 757 1772 effeminatum
786 1717 842 1770 aut
856 1706 961 1784 molle,
985 1718 1019 1771 et
1039 1730 1080 1771 ne
1110 1707 1184 1793 quid

244 1792 380 1857 durum¹²
395 1805 450 1859 aut
463 1792 615 1857 rusticum
629 1791 681 1856 sit.
726 1791 797 1856 Nec
812 1815 885 1856 vcro
896 1790 1103 1858 histrionibus
1118 1797 1184 1857 orass

245 1878 428 1979 toribusque
447 1877 679 1942 concedendum
704 1888 763 1955 est,
787 1889 824 1942 ut
848 1877 887 1942 iis
908 1875 987 1943 haee
1007 1893 1083 1964 apta
1108 1879 1181 1954 sint,

245 1963 336 2030 nobis
351 1963 511 2027 dissoluta.
560 1961 763 2027 Scenicorum
774 1963 902 2049 quidem
916 1985 983 2027 mos
996 1976 1118 2028 tantam
1129 1963 1184 2029 ha·

246 2049 301 2114 bet
315 2061 419 2113 vetere
431 2047 596 2133 disciplina
610 2049 839 2127 verecundiam,
864 2061 899 2113 ut
918 2050 951 2113 in
976 2072 1102 2114 scenam
1118 2051 1182 2114 sine

245 2133 443 2221 subligaculo
469 2133 598 2219 prodeat
627 2154 730 2198 nemo.
778 2136 936 2200 Verentur
961 2135 1055 2212 enim,
1079 2158 1130 2214 ne,
1156 2138 1180 2200 si

244 2241 308 2305 quo
323 2241 397 2284 casu
412 2217 560 2295 evenerit,
584 2230 620 2283 ut
643 2221 780 2305 corporis
804 2233 909 2307 partes
915 2221 1085 2370 §uaedam
1110 2245 1180 2308 ape-

246 2307 374 2383 riantur,
407 2304 619 2390 adspiciuntur
644 2327 708 2369 non
738 2306 859 2371 decore.
949 2319 1033 2370 ostro
1054 2308 1177 2393 quidem

245 2413 331 2456 more
345 2413 417 2456 cum
431 2391 612 2476 parentibus
627 2390 761 2478 puberes
776 2392 842 2469 filii,
859 2415 932 2458 cum
948 2397 1061 2458 soceris
1072 2395 1177 2480 generi

245 2500 308 2541 non
323 2476 501 2542 lavantur¹³.
548 2477 728 2542 Retinenda
750 2478 847 2565 igitur
866 2491 914 2542 est
937 2477 1033 2564 hujus
1055 2481 1175 2565 generis

246 2563 442 2640 verecundia,
466 2565 649 2649 praesertim
668 2575 781 2629 natura
795 2564 864 2650 ipsa
874 2564 1027 2650 magistra
1041 2576 1071 2628 et
1086 2565 1171 2630 duce.

291 2648 474 2713 XXXVl.
501 2655 570 2714 130.
600 2649 708 2723 Quum
731 2663 837 2714 autem
857 2649 1095 2736 pulchritudinis
1116 2653 1174 2715 duo

245 2757 362 2886 perrara
376 2736 449 2812 sint,
474 2757 607 2820 quorum
618 2737 650 2799 in
662 2735 761 2799 altero
777 2747 926 2800 venustas
948 2736 999 2814 sit,
1022 2738 1055 2798 in
1076 2737 1169 2801 altero

267 2825 408 2909 ignitas3
443 2835 639 2886 venustatem
664 2819 848 2884 muliebrem
876 2820 991 2886 ducere
1016 2821 1168 2902 debemus,

244 2997 299 3045 riori
310 2999 414 3045 membro
425 2998 454 3044 de
463 2997 509 3043 alia
518 2997 609 3043 dicendi
618 2996 692 3042 lorms
731 2995 849 3055 potuimus
871 2997 1030 3043 additamento
1044 2998 1167 3057 hujusmodi

245 3063 366 3120 cogitasse,
387 3064 417 3109 ab
429 3064 476 3109 illis
487 3065 554 3110 rebus
570 3077 691 3123 nequeas·
731 3061 798 3108 lacile
807 3076 886 3108 carere
896 3062 968 3107 etiam
979 3063 1007 3108 de
1018 3063 1048 3108 N.
1056 3065 1084 3110 1).
1096 3065 1119 3110 ii.
1132 3066 1166 3110 63,

244 3128 630 3189 timicapsrtaepetulontiaabaesse
639 3132 691 3186 pot-
736 3127 788 3172 159.
810 3121 854 3186 (¹¹)
865 3127 910 3186 Np.
920 3128 1070 3186 procreandis.
1088 3129 1168 3176 Parum

244 3200 286 3247 est,
307 3209 379 3255 neque
401 3195 510 3240 orationis
533 3194 691 3246 obscoenitas,-
732 3192 849 3238 intellexit
865 3193 935 3238 homo
947 3192 1044 3251 simplex
1054 3193 1166 3240 adnotator

244 3257 691 3318 quomodoinaliisquidemlibrissaepe
734 3256 854 3315 Regiis,
882 3257 911 3302 ln
928 3258 1053 3304 nutriendis
1070 3262 1166 3318 parvulis

243 3324 310 3370 illum
332 3324 528 3384 deprehendimus
555 3322 616 3368 inter
633 3322 691 3368 duas
730 3323 1030 3381 multonacurruntturpia!
1059 3320 1099 3384 (¹²)
1109 3324 1164 3371 Nota

242 3397 370 3436 structuras
386 3389 497 3435 orationis
518 3387 616 3434 dublum
633 3387 690 3434 hue·
731 3385 853 3451 χιασμόν·
873 3401 928 3432 uam
947 3386 1031 3433 durum
1050 3391 1163 3448 respondet

242 3455 306 3501 sisse.
340 3449 375 3514 (⁹)
397 3453 425 3500 R.
438 3454 459 3499 3.
471 3454 496 3500 in
507 3454 625 3513 margine:
645 3453 691 3514 Cy·
731 3453 803 3509 molli,
821 3452 933 3498 rusticum
941 3452 1080 3499 effeminato:
1091 3454 1116 3501 ci.
1126 3455 1160 3502 37.

243 3521 290 3567 nisi
301 3519 435 3566 dicebantur
440 3519 568 3578 philosophi
577 3519 691 3580 quideme
733 3517 794 3572 133,
806 3517 838 3563 tii.
850 3517 888 3562 22.
897 3518 944 3571 88..
957 3518 995 3562 25.
1005 3518 1096 3572 95.111.;
1106 3521 1159 3566 adde

244 3581 329 3640 κυνὸς,
346 3585 405 3646 quod
415 3591 449 3630 est
458 3587 530 3638 canis,
550 3585 605 3644 quia
616 3585 690 3630 sennia
730 3583 758 3629 de
768 3583 794 3627 F.
806 3580 821 3626 i.
835 3581 856 3626 ³.
869 3579 899 3635 7.,
914 3582 936 3626 9.
945 3581 983 3627 30.
996 3592 1019 3628 et
1027 3583 1067 3637 ³1„
1077 3585 1109 3630 15.
1118 3587 1158 3637 ta,

242 3651 361 3698 saturabo
370 3646 562 3709 polomsaciesda
569 3662 616 3694 esre
627 3649 689 3694 dice·
731 3647 767 3692 lo.
776 3647 824 3702 52,
834 3646 869 3693 17.
878 3646 916 3692 57.
924 3643 975 3707 (ubi
981 3648 1044 3705 plura
1051 3645 1159 3709 Madvig),

244 3719 305 3763 bant.
339 3711 385 3777 (¹⁰)
397 3715 434 3760 Sic
450 3714 480 3760 R.
497 3714 534 3767 ³.;
551 3713 613 3772 vulg.
632 3727 690 3773 quoe
735 3712 818 3758 rste.
853 3706 897 3771 (¹³)
909 3710 961 3757 vid.
973 3712 1075 3758 ilenriclr.
1092 3715 1117 3759 ad
1133 3719 1156 3761 de

243 3785 373 3841 turpiore:
386 3779 415 3828 τὸ
427 3795 452 3827 re
463 3786 541 3825 autem
550 3778 612 3824 delet
618 3777 689 3823 etism
733 3776 857 3824 011155.
870 3775 925 3822 224.

243 3847 375 3901 secundun
400 3854 424 3893 et
441 3842 569 3907 postposito
590 3843 688 3890 relativo
